[{"순위":1,"영화명":"극한직업","감독":"이병헌","개봉일":"2019-01-23","영화형태":"장편","국적":"한국","매출액":"139,647,979,516","관객수":"16,264,944","장르":"코미디","등급":"15세이상관람가","url":"https://movie-phinf.pstatic.net/20190116_206/1547615429111dINWj_JPEG/movie_image.jpg?type=f67"},
{"순위":2,"영화명":"신과함께-죄와 벌","감독":"김용화","개봉일":"2017-12-20","영화형태":"장편","국적":"한국","매출액":"115,698,654,137","관객수":"14,410,754","장르":"판타지","등급":"12세이상관람가","url":"https://movie-phinf.pstatic.net/20171201_181/1512109983114kcQVl_JPEG/movie_image.jpg?type=f67"},
{"순위":3,"영화명":"어벤져스: 엔드게임","감독":"안소니 루소,조 루소","개봉일":"2019-04-24","영화형태":"장편","국적":"미국","매출액":"122,182,694,160","관객수":"13,934,592","장르":"액션","등급":"12세이상관람가","url":"https://movie-phinf.pstatic.net/20190417_250/1555465284425i6WQE_JPEG/movie_image.jpg?type=f67"},
{"순위":4,"영화명":"겨울왕국 2","감독":"크리스 벅,제니퍼 리","개봉일":"2019-11-21","영화형태":"장편","국적":"미국","매출액":"114,803,770,600","관객수":"13,746,532","장르":"애니메이션","등급":"전체관람가","url":"https://movie-phinf.pstatic.net/20191121_221/1574298335357mqgLk_JPEG/movie_image.jpg?type=f67"},
{"순위":5,"영화명":"알라딘","감독":"가이 리치","개봉일":"2019-05-23","영화형태":"장편","국적":"미국","매출액":"106,983,620,359","관객수":"12,555,894","장르":"어드벤처","등급":"전체관람가","url":"https://movie-phinf.pstatic.net/20190524_104/1558663170174Q2mmw_JPEG/movie_image.jpg?type=f67"},
{"순위":6,"영화명":"신과함께-인과 연","감독":"김용화","개봉일":"2018-08-01","영화형태":"장편","국적":"한국","매출액":"102,476,768,809","관객수":"12,253,247","장르":"판타지","등급":"12세이상관람가","url":"https://movie-phinf.pstatic.net/20180703_65/15305852198817R6a1_JPEG/movie_image.jpg?type=f67"},
{"순위":7,"영화명":"택시운전사","감독":"장훈","개봉일":"2017-08-02","영화형태":"장편","국적":"한국","매출액":"95,284,747,049","관객수":"12,099,971","장르":"드라마","등급":"15세이상관람가","url":"https://movie-phinf.pstatic.net/20170717_298/1500253295782rcIkE_JPEG/movie_image.jpg?type=f67"},
{"순위":8,"영화명":"부산행","감독":"연상호","개봉일":"2016-07-20","영화형태":"장편","국적":"한국","매출액":"93,175,877,048","관객수":"11,565,078","장르":"액션","등급":"15세이상관람가","url":"https://movie-phinf.pstatic.net/20160720_9/1469001478520W9vSu_JPEG/movie_image.jpg?type=f67"},
{"순위":9,"영화명":"어벤져스: 인피니티 워","감독":"안소니 루소,조 루소","개봉일":"2018-04-25","영화형태":"장편","국적":"미국","매출액":"99,919,006,769","관객수":"11,211,880","장르":"액션","등급":"12세이상관람가","url":"https://movie-phinf.pstatic.net/20180322_242/15216962441485x5Om_JPEG/movie_image.jpg?type=f67"},
{"순위":10,"영화명":"기생충","감독":"봉준호","개봉일":"2019-05-30","영화형태":"장편","국적":"한국","매출액":"87,224,912,275","관객수":"10,283,765","장르":"드라마","등급":"15세이상관람가","url":"https://movie-phinf.pstatic.net/20190528_36/1559024198386YVTEw_JPEG/movie_image.jpg?type=f67"},
{"순위":11,"영화명":"보헤미안 랩소디","감독":"브라이언 싱어","개봉일":"2018-10-31","영화형태":"장편","국적":"미국","매출액":"86,280,975,785","관객수":"9,948,386","장르":"드라마","등급":"12세이상관람가","url":"https://movie-phinf.pstatic.net/20181213_264/1544692854634ss65r_JPEG/movie_image.jpg?type=f67"},
{"순위":12,"영화명":"검사외전","감독":"이일형","개봉일":"2016-02-03","영화형태":"장편","국적":"한국","매출액":"77,252,755,264","관객수":"9,699,092","장르":"범죄","등급":"15세이상관람가","url":"https://movie-phinf.pstatic.net/20160112_146/1452573577623EyUOh_JPEG/movie_image.jpg?type=f67"},
{"순위":13,"영화명":"엑시트","감독":"이상근","개봉일":"2019-07-31","영화형태":"장편","국적":"한국","매출액":"79,232,212,162","관객수":"9,426,051","장르":"코미디","등급":"12세이상관람가","url":"https://movie-phinf.pstatic.net/20190724_161/1563931152464tk11A_JPEG/movie_image.jpg?type=f67"},
{"순위":14,"영화명":"캡틴 아메리카: 시빌 워","감독":"안소니 루소,조 루소","개봉일":"2016-04-27","영화형태":"장편","국적":"미국","매출액":"72,672,111,827","관객수":"8,677,249","장르":"액션","등급":"12세이상관람가","url":"https://movie-phinf.pstatic.net/20160427_273/1461725031863moaJw_JPEG/movie_image.jpg?type=f67"},
{"순위":15,"영화명":"백두산","감독":"이해준,김병서","개봉일":"2019-12-19","영화형태":"장편","국적":"한국","매출액":"69,818,845,600","관객수":"8,252,001","장르":"어드벤처","등급":"12세이상관람가","url":"https://movie-phinf.pstatic.net/20191219_263/15767415637757HPgg_JPEG/movie_image.jpg?type=f67"},
{"순위":16,"영화명":"스파이더맨: 파 프롬 홈","감독":"존 왓츠","개봉일":"2019-07-02","영화형태":"장편","국적":"미국","매출액":"69,000,711,100","관객수":"8,020,208","장르":"액션","등급":"12세이상관람가","url":"https://movie-phinf.pstatic.net/20190527_181/1558933159657a210P_JPEG/movie_image.jpg?type=f67"},
{"순위":17,"영화명":"공조","감독":"김성훈","개봉일":"2017-01-18","영화형태":"장편","국적":"한국","매출액":"63,781,731,326","관객수":"7,817,446","장르":"액션","등급":"15세이상관람가","url":"https://movie-phinf.pstatic.net/20170118_143/1484714583493K148x_JPEG/movie_image.jpg?type=f67"},
{"순위":18,"영화명":"밀정","감독":"김지운","개봉일":"2016-09-07","영화형태":"장편","국적":"한국","매출액":"61,158,644,831","관객수":"7,487,545","장르":"액션","등급":"15세이상관람가","url":"https://movie-phinf.pstatic.net/20160823_114/1471936485192cjjcD_JPEG/movie_image.jpg?type=f67"},
{"순위":19,"영화명":"스파이더맨: 홈 커밍","감독":"존 왓츠","개봉일":"2017-07-05","영화형태":"장편","국적":"미국","매출액":"59,120,173,820","관객수":"7,257,973","장르":"액션","등급":"12세이상관람가","url":"https://movie-phinf.pstatic.net/20170524_188/1495610958516Vt5jr_JPEG/movie_image.jpg?type=f67"},
{"순위":20,"영화명":"1987","감독":"장준환","개봉일":"2017-12-27","영화형태":"장편","국적":"한국","매출액":"58,165,581,145","관객수":"7,231,638","장르":"드라마","등급":"15세이상관람가","url":"https://movie-phinf.pstatic.net/20171215_265/1513327177055W7qpm_JPEG/movie_image.jpg?type=f67"},
{"순위":21,"영화명":"마스터","감독":"조의석","개봉일":"2016-12-21","영화형태":"장편","국적":"한국","매출액":"58,067,927,865","관객수":"7,150,541","장르":"액션","등급":"15세이상관람가","url":"https://movie-phinf.pstatic.net/20161221_195/1482293911661KoeOc_JPEG/movie_image.jpg?type=f67"},
{"순위":22,"영화명":"터널","감독":"김성훈","개봉일":"2016-08-10","영화형태":"장편","국적":"한국","매출액":"57,510,324,417","관객수":"7,118,592","장르":"드라마","등급":"12세이상관람가","url":"https://movie-phinf.pstatic.net/20160801_255/1470026857430Xg6aK_JPEG/movie_image.jpg?type=f67"},
{"순위":23,"영화명":"인천상륙작전","감독":"이재한","개봉일":"2016-07-27","영화형태":"장편","국적":"한국","매출액":"55,101,410,303","관객수":"7,049,643","장르":"전쟁","등급":"12세이상관람가","url":"https://movie-phinf.pstatic.net/20160715_16/1468568203431zYbBs_JPEG/movie_image.jpg?type=f67"},
{"순위":24,"영화명":"럭키","감독":"이계벽","개봉일":"2016-10-13","영화형태":"장편","국적":"한국","매출액":"56,361,435,256","관객수":"6,965,706","장르":"코미디","등급":"15세이상관람가","url":"https://movie-phinf.pstatic.net/20170626_47/1498462544121wG3H0_JPEG/movie_image.jpg?type=f67"},
{"순위":25,"영화명":"곡성","감독":"나홍진","개봉일":"2016-05-12","영화형태":"장편","국적":"한국","매출액":"55,853,108,382","관객수":"6,878,264","장르":"미스터리","등급":"15세이상관람가","url":"https://movie-phinf.pstatic.net/20160425_165/1461560165179gYQ0g_JPEG/movie_image.jpg?type=f67"},
{"순위":26,"영화명":"범죄도시","감독":"강윤성","개봉일":"2017-10-03","영화형태":"장편","국적":"한국","매출액":"56,077,813,249","관객수":"6,851,297","장르":"범죄","등급":"청소년관람불가","url":"https://movie-phinf.pstatic.net/20170915_299/1505458505658vbKcN_JPEG/movie_image.jpg?type=f67"},
{"순위":27,"영화명":"군함도","감독":"류승완","개봉일":"2017-07-26","영화형태":"장편","국적":"한국","매출액":"50,510,565,168","관객수":"6,592,151","장르":"액션","등급":"15세이상관람가","url":"https://movie-phinf.pstatic.net/20170726_24/1501035701931zYdMD_JPEG/movie_image.jpg?type=f67"},
{"순위":28,"영화명":"미션 임파서블: 폴아웃","감독":"크리스토퍼 맥쿼리","개봉일":"2018-07-25","영화형태":"장편","국적":"미국","매출액":"55,888,375,112","관객수":"6,584,915","장르":"액션","등급":"15세이상관람가","url":"https://movie-phinf.pstatic.net/20180523_234/1527043720337JCQAP_JPEG/movie_image.jpg?type=f67"},
{"순위":29,"영화명":"캡틴 마블","감독":"애너 보든,라이언 플렉","개봉일":"2019-03-06","영화형태":"장편","국적":"미국","매출액":"51,491,272,223","관객수":"5,801,069","장르":"액션","등급":"12세이상관람가","url":"https://movie-phinf.pstatic.net/20190225_72/1551069530582h2huX_JPEG/movie_image.jpg?type=f67"},
{"순위":30,"영화명":"쥬라기 월드: 폴른 킹덤","감독":"후안 안토니오 바요나","개봉일":"2018-06-06","영화형태":"장편","국적":"미국","매출액":"49,770,711,037","관객수":"5,661,128","장르":"액션","등급":"12세이상관람가","url":"https://movie-phinf.pstatic.net/20180814_31/1534222196427nyBw8_JPEG/movie_image.jpg?type=f67"},
{"순위":31,"영화명":"청년경찰","감독":"김주환","개봉일":"2017-08-09","영화형태":"장편","국적":"한국","매출액":"44,241,099,316","관객수":"5,636,259","장르":"액션","등급":"15세이상관람가","url":"https://movie-phinf.pstatic.net/20170814_131/1502673994742txsKh_JPEG/movie_image.jpg?type=f67"},
{"순위":32,"영화명":"덕혜옹주","감독":"허진호","개봉일":"2016-08-03","영화형태":"장편","국적":"한국","매출액":"44,344,141,109","관객수":"5,593,551","장르":"사극","등급":"12세이상관람가","url":"https://movie-phinf.pstatic.net/20160805_159/1470378561223pYzbp_JPEG/movie_image.jpg?type=f67"},
{"순위":33,"영화명":"앤트맨과 와스프","감독":"페이튼 리드","개봉일":"2018-07-04","영화형태":"장편","국적":"미국","매출액":"47,465,443,185","관객수":"5,447,826","장르":"액션","등급":"12세이상관람가","url":"https://movie-phinf.pstatic.net/20180530_170/1527645793223uhWgz_JPEG/movie_image.jpg?type=f67"},
{"순위":34,"영화명":"닥터 스트레인지","감독":"스콧 데릭슨","개봉일":"2016-10-26","영화형태":"장편","국적":"미국","매출액":"47,482,530,396","관객수":"5,446,379","장르":"액션","등급":"12세이상관람가","url":"https://movie-phinf.pstatic.net/20161014_50/147640824152266AVn_JPEG/movie_image.jpg?type=f67"},
{"순위":35,"영화명":"안시성","감독":"김광식","개봉일":"2018-09-19","영화형태":"장편","국적":"한국","매출액":"46,335,334,026","관객수":"5,440,186","장르":"사극","등급":"12세이상관람가","url":"https://movie-phinf.pstatic.net/20180919_108/1537322093089VIq7d_JPEG/movie_image.jpg?type=f67"},
{"순위":36,"영화명":"블랙 팬서","감독":"라이언 쿠글러","개봉일":"2018-02-14","영화형태":"장편","국적":"미국","매출액":"45,883,143,457","관객수":"5,398,994","장르":"액션","등급":"12세이상관람가","url":"https://movie-phinf.pstatic.net/20180103_128/1514946690065uYxwW_JPEG/movie_image.jpg?type=f67"},
{"순위":37,"영화명":"더 킹","감독":"한재림","개봉일":"2017-01-18","영화형태":"장편","국적":"한국","매출액":"43,486,078,535","관객수":"5,316,325","장르":"범죄","등급":"15세이상관람가","url":"https://movie-phinf.pstatic.net/20180618_144/1529286171352Uk6Lp_JPEG/movie_image.jpg?type=f67"},
{"순위":38,"영화명":"완벽한 타인","감독":"이재규","개봉일":"2018-10-31","영화형태":"장편","국적":"한국","매출액":"44,356,752,474","관객수":"5,294,119","장르":"드라마","등급":"15세이상관람가","url":"https://movie-phinf.pstatic.net/20181106_289/1541478936071tmadh_JPEG/movie_image.jpg?type=f67"},
{"순위":39,"영화명":"조커","감독":"토드 필립스","개봉일":"2019-10-02","영화형태":"장편","국적":"미국","매출액":"45,421,506,630","관객수":"5,253,150","장르":"액션","등급":"15세이상관람가","url":"https://movie-phinf.pstatic.net/20120824_73/1345795070432w2up9_JPEG/movie_image.jpg?type=f67"},
{"순위":40,"영화명":"미녀와 야수","감독":"빌 콘돈","개봉일":"2017-03-16","영화형태":"장편","국적":"미국","매출액":"42,130,589,579","관객수":"5,137,993","장르":"멜로/로맨스","등급":"전체관람가","url":"https://movie-phinf.pstatic.net/20170207_61/14864349974992zXL8_JPEG/movie_image.jpg?type=f67"},
{"순위":41,"영화명":"독전","감독":"이해영","개봉일":"2018-05-22","영화형태":"장편","국적":"한국","매출액":"43,484,892,913","관객수":"5,063,620","장르":"범죄","등급":"15세이상관람가","url":"https://movie-phinf.pstatic.net/20180524_197/1527129752646aGAH7_JPEG/movie_image.jpg?type=f67"},
{"순위":42,"영화명":"아쿠아맨","감독":"제임스 완","개봉일":"2018-12-19","영화형태":"장편","국적":"미국","매출액":"44,113,456,704","관객수":"5,038,134","장르":"액션","등급":"12세이상관람가","url":"https://movie-phinf.pstatic.net/20181210_126/1544403103928nczJs_JPEG/movie_image.jpg?type=f67"},
{"순위":43,"영화명":"공작","감독":"윤종빈","개봉일":"2018-08-08","영화형태":"장편","국적":"한국","매출액":"42,759,410,176","관객수":"4,971,261","장르":"드라마","등급":"12세이상관람가","url":"https://movie-phinf.pstatic.net/20180730_299/1532914028702Mgwti_JPEG/movie_image.jpg?type=f67"},
{"순위":44,"영화명":"킹스맨: 골든 서클","감독":"매튜 본","개봉일":"2017-09-27","영화형태":"장편","국적":"미국","매출액":"40,987,484,736","관객수":"4,945,484","장르":"액션","등급":"청소년관람불가","url":"https://movie-phinf.pstatic.net/20171016_232/1508134137061ayymY_JPEG/movie_image.jpg?type=f67"},
{"순위":45,"영화명":"토르: 라그나로크","감독":"타이카 와이티티","개봉일":"2017-10-25","영화형태":"장편","국적":"미국","매출액":"39,248,432,595","관객수":"4,857,152","장르":"액션","등급":"12세이상관람가","url":"https://movie-phinf.pstatic.net/20170928_85/1506564710105ua5fS_PNG/movie_image.jpg?type=f67"},
{"순위":46,"영화명":"봉오동 전투","감독":"원신연,이영용","개봉일":"2019-08-07","영화형태":"장편","국적":"한국","매출액":"40,514,276,538","관객수":"4,779,501","장르":"사극","등급":"15세이상관람가","url":"https://movie-phinf.pstatic.net/20190719_213/1563513194134ksAGD_JPEG/movie_image.jpg?type=f67"},
{"순위":47,"영화명":"남산의 부장들","감독":"우민호","개봉일":"2020-01-22","영화형태":"장편","국적":"한국","매출액":"41,218,101,130","관객수":"4,749,391","장르":"드라마","등급":"15세이상관람가","url":"https://movie-phinf.pstatic.net/20200103_41/1578032244761ejKMX_JPEG/movie_image.jpg?type=f67"},
{"순위":48,"영화명":"라이온 킹","감독":"존 파브로","개봉일":"2019-07-17","영화형태":"장편","국적":"미국","매출액":"41,518,977,430","관객수":"4,743,184","장르":"어드벤처","등급":"전체관람가","url":"https://movie-phinf.pstatic.net/20190718_5/156341294592540aB6_JPEG/movie_image.jpg?type=f67"},
{"순위":49,"영화명":"주토피아","감독":"바이론 하워드,리치 무어","개봉일":"2016-02-17","영화형태":"장편","국적":"미국","매출액":"37,077,444,042","관객수":"4,703,245","장르":"애니메이션","등급":"전체관람가","url":"https://movie-phinf.pstatic.net/20160217_153/1455686083975zjajH_JPEG/movie_image.jpg?type=f67"},
{"순위":50,"영화명":"신비한 동물사전","감독":"데이빗 예이츠","개봉일":"2016-11-16","영화형태":"장편","국적":"미국","매출액":"39,337,263,058","관객수":"4,666,993","장르":"어드벤처","등급":"12세이상관람가","url":"https://movie-phinf.pstatic.net/20181029_21/1540774701820gU85o_JPEG/movie_image.jpg?type=f67"},
{"순위":51,"영화명":"나쁜 녀석들: 더 무비","감독":"손용호","개봉일":"2019-09-11","영화형태":"장편","국적":"한국","매출액":"39,560,195,124","관객수":"4,573,902","장르":"범죄","등급":"15세이상관람가","url":"https://movie-phinf.pstatic.net/20190910_213/1568079594808C8bae_JPEG/movie_image.jpg?type=f67"},
{"순위":52,"영화명":"판도라","감독":"박정우","개봉일":"2016-12-07","영화형태":"장편","국적":"한국","매출액":"35,965,733,064","관객수":"4,571,142","장르":"드라마","등급":"12세이상관람가","url":"https://movie-phinf.pstatic.net/20161222_275/1482367105600om9qK_JPEG/movie_image.jpg?type=f67"},
{"순위":53,"영화명":"강철비","감독":"양우석","개봉일":"2017-12-14","영화형태":"장편","국적":"한국","매출액":"35,477,912,466","관객수":"4,451,336","장르":"액션","등급":"15세이상관람가","url":"https://movie-phinf.pstatic.net/20171129_216/1511931096509Q0hpu_JPEG/movie_image.jpg?type=f67"},
{"순위":54,"영화명":"아가씨","감독":"박찬욱","개봉일":"2016-06-01","영화형태":"장편","국적":"한국","매출액":"35,114,332,791","관객수":"4,277,071","장르":"스릴러","등급":"청소년관람불가","url":"https://movie-phinf.pstatic.net/20160523_204/14639851237601hEGQ_JPEG/movie_image.jpg?type=f67"},
{"순위":55,"영화명":"꾼","감독":"장창원","개봉일":"2017-11-22","영화형태":"장편","국적":"한국","매출액":"31,313,568,795","관객수":"4,018,341","장르":"범죄","등급":"15세이상관람가","url":"https://movie-phinf.pstatic.net/20171107_251/1510033896133nWqxG_JPEG/movie_image.jpg?type=f67"},
{"순위":56,"영화명":"쿵푸팬더3","감독":"여인영,알레산드로 칼로니","개봉일":"2016-01-28","영화형태":"장편","국적":"미국","매출액":"31,340,798,156","관객수":"3,984,812","장르":"애니메이션","등급":"전체관람가","url":"https://movie-phinf.pstatic.net/20151230_112/1451458570876HklX8_JPEG/movie_image.jpg?type=f67"},
{"순위":57,"영화명":"베놈","감독":"루벤 플레셔","개봉일":"2018-10-03","영화형태":"장편","국적":"미국","매출액":"34,100,211,207","관객수":"3,888,096","장르":"액션","등급":"15세이상관람가","url":"https://movie-phinf.pstatic.net/20180921_296/1537498027382AK7eg_JPEG/movie_image.jpg?type=f67"},
{"순위":58,"영화명":"남한산성","감독":"황동혁","개봉일":"2017-10-03","영화형태":"장편","국적":"한국","매출액":"31,067,321,992","관객수":"3,829,891","장르":"사극","등급":"15세이상관람가","url":"https://movie-phinf.pstatic.net/20171013_225/1507872096788TxEL5_JPEG/movie_image.jpg?type=f67"},
{"순위":59,"영화명":"데드풀 2","감독":"데이빗 레이치","개봉일":"2018-05-16","영화형태":"장편","국적":"미국","매출액":"34,185,664,639","관객수":"3,784,602","장르":"액션","등급":"청소년관람불가","url":"https://movie-phinf.pstatic.net/20180510_219/1525934615322rulbv_JPEG/movie_image.jpg?type=f67"},
{"순위":60,"영화명":"암수살인","감독":"김태균","개봉일":"2018-10-03","영화형태":"장편","국적":"한국","매출액":"32,855,895,548","관객수":"3,772,620","장르":"범죄","등급":"15세이상관람가","url":"https://movie-phinf.pstatic.net/20180910_81/1536543365477xFgPy_JPEG/movie_image.jpg?type=f67"},
{"순위":61,"영화명":"국가부도의 날","감독":"최국희","개봉일":"2018-11-28","영화형태":"장편","국적":"한국","매출액":"30,891,765,837","관객수":"3,754,983","장르":"드라마","등급":"12세이상관람가","url":"https://movie-phinf.pstatic.net/20181105_232/1541392865465aVb5V_JPEG/movie_image.jpg?type=f67"},
{"순위":62,"영화명":"미이라","감독":"알렉스 커츠먼","개봉일":"2017-06-06","영화형태":"장편","국적":"미국","매출액":"30,504,689,978","관객수":"3,689,325","장르":"액션","등급":"15세이상관람가","url":"https://movie-phinf.pstatic.net/20170607_168/1496797735059jcrlG_JPEG/movie_image.jpg?type=f67"},
{"순위":63,"영화명":"82년생 김지영","감독":"김도영","개봉일":"2019-10-23","영화형태":"장편","국적":"한국","매출액":"30,305,744,310","관객수":"3,679,019","장르":"드라마","등급":"12세이상관람가","url":"https://movie-phinf.pstatic.net/20191024_215/1571900079078PNazL_JPEG/movie_image.jpg?type=f67"},
{"순위":64,"영화명":"분노의 질주: 홉스&쇼","감독":"데이빗 레이치","개봉일":"2019-08-14","영화형태":"장편","국적":"미국","매출액":"32,241,767,793","관객수":"3,657,536","장르":"액션","등급":"12세이상관람가","url":"https://movie-phinf.pstatic.net/20190726_177/15641046254730gK1F_JPEG/movie_image.jpg?type=f67"},
{"순위":65,"영화명":"분노의 질주: 더 익스트림","감독":"F. 게리 그레이","개봉일":"2017-04-12","영화형태":"장편","국적":"미국","매출액":"29,981,156,348","관객수":"3,653,238","장르":"액션","등급":"15세이상관람가","url":"https://movie-phinf.pstatic.net/20200310_91/1583805533463Yqyui_JPEG/movie_image.jpg?type=f67"},
{"순위":66,"영화명":"너의 이름은.","감독":"신카이 마코토","개봉일":"2017-01-04","영화형태":"장편","국적":"일본","매출액":"29,248,867,156","관객수":"3,637,122","장르":"애니메이션","등급":"12세이상관람가","url":"https://movie-phinf.pstatic.net/20171222_70/1513920001726sikUX_JPEG/movie_image.jpg?type=f67"},
{"순위":67,"영화명":"라라랜드","감독":"데이미언 셔젤","개봉일":"2016-12-07","영화형태":"장편","국적":"미국","매출액":"30,006,844,694","관객수":"3,597,193","장르":"드라마","등급":"12세이상관람가","url":"https://movie-phinf.pstatic.net/20161123_188/1479862185516tYkKO_JPEG/movie_image.jpg?type=f67"},
{"순위":68,"영화명":"귀향","감독":"조정래","개봉일":"2016-02-24","영화형태":"장편","국적":"한국","매출액":"27,245,051,990","관객수":"3,586,523","장르":"드라마","등급":"15세이상관람가","url":"https://movie-phinf.pstatic.net/20170828_294/1503887983509PP7JP_JPEG/movie_image.jpg?type=f67"},
{"순위":69,"영화명":"코코","감독":"리 언크리치","개봉일":"2018-01-11","영화형태":"장편","국적":"미국","매출액":"27,685,479,440","관객수":"3,510,017","장르":"애니메이션","등급":"전체관람가","url":"https://movie-phinf.pstatic.net/20171222_56/1513906341368blx3Q_JPEG/movie_image.jpg?type=f67"},
{"순위":70,"영화명":"그것만이 내 세상","감독":"최성현","개봉일":"2018-01-17","영화형태":"장편","국적":"한국","매출액":"27,441,213,382","관객수":"3,417,629","장르":"코미디","등급":"12세이상관람가","url":"https://movie-phinf.pstatic.net/20180122_124/1516586697016QmvO1_JPEG/movie_image.jpg?type=f67"},
{"순위":71,"영화명":"토이 스토리 4","감독":"조시 쿨리","개봉일":"2019-06-20","영화형태":"장편","국적":"미국","매출액":"28,757,726,040","관객수":"3,399,913","장르":"애니메이션","등급":"전체관람가","url":"https://movie-phinf.pstatic.net/20190611_117/1560221190708y3bbv_JPEG/movie_image.jpg?type=f67"},
{"순위":72,"영화명":"돈","감독":"박누리","개봉일":"2019-03-20","영화형태":"장편","국적":"한국","매출액":"28,869,614,062","관객수":"3,389,035","장르":"범죄","등급":"15세이상관람가","url":"https://movie-phinf.pstatic.net/20190306_280/1551849045570X4iac_JPEG/movie_image.jpg?type=f67"},
{"순위":73,"영화명":"악인전","감독":"이원태","개봉일":"2019-05-15","영화형태":"장편","국적":"한국","매출액":"29,128,292,150","관객수":"3,364,079","장르":"범죄","등급":"청소년관람불가","url":"https://movie-phinf.pstatic.net/20190515_203/1557888285764Rvouz_JPEG/movie_image.jpg?type=f67"},
{"순위":74,"영화명":"슈퍼배드 3","감독":"피에르 꼬팽,카일 발다","개봉일":"2017-07-26","영화형태":"장편","국적":"미국","매출액":"24,216,987,019","관객수":"3,324,861","장르":"애니메이션","등급":"전체관람가","url":"https://movie-phinf.pstatic.net/20170706_245/1499303116858pv17S_JPEG/movie_image.jpg?type=f67"},
{"순위":75,"영화명":"데드풀","감독":"팀 밀러","개봉일":"2016-02-17","영화형태":"장편","국적":"미국","매출액":"27,595,618,651","관객수":"3,317,196","장르":"액션","등급":"청소년관람불가","url":"https://movie-phinf.pstatic.net/20180510_219/1525934615322rulbv_JPEG/movie_image.jpg?type=f67"},
{"순위":76,"영화명":"시동","감독":"최정열","개봉일":"2019-12-18","영화형태":"장편","국적":"한국","매출액":"28,100,077,660","관객수":"3,317,168","장르":"드라마","등급":"15세이상관람가","url":"https://movie-phinf.pstatic.net/20200117_56/1579237723353mX1fB_JPEG/movie_image.jpg?type=f67"},
{"순위":77,"영화명":"아이 캔 스피크","감독":"김현석","개봉일":"2017-09-21","영화형태":"장편","국적":"한국","매출액":"25,532,214,986","관객수":"3,280,243","장르":"코미디","등급":"12세이상관람가","url":"https://movie-phinf.pstatic.net/20170908_108/1504837489518BdEBl_JPEG/movie_image.jpg?type=f67"},
{"순위":78,"영화명":"마녀","감독":"박훈정","개봉일":"2018-06-27","영화형태":"장편","국적":"한국","매출액":"27,242,029,463","관객수":"3,189,091","장르":"미스터리","등급":"15세이상관람가","url":"https://movie-phinf.pstatic.net/20180710_211/1531198746645nsdKN_JPEG/movie_image.jpg?type=f67"},
{"순위":79,"영화명":"탐정: 리턴즈","감독":"이언희","개봉일":"2018-06-13","영화형태":"장편","국적":"한국","매출액":"26,865,721,678","관객수":"3,148,038","장르":"코미디","등급":"15세이상관람가","url":"https://movie-phinf.pstatic.net/20180525_232/15272144254888eehd_JPEG/movie_image.jpg?type=f67"},
{"순위":80,"영화명":"나우 유 씨 미 2","감독":"존 추","개봉일":"2016-07-13","영화형태":"장편","국적":"미국","매출액":"25,116,690,113","관객수":"3,100,113","장르":"범죄","등급":"12세이상관람가","url":"https://movie-phinf.pstatic.net/20160707_14/1467854366086ApbpC_JPEG/movie_image.jpg?type=f67"},
{"순위":81,"영화명":"캐리비안의 해적: 죽은 자는 말이 없다","감독":"요아킴 뢰닝,에스펜 샌버그","개봉일":"2017-05-24","영화형태":"장편","국적":"미국","매출액":"24,975,495,122","관객수":"3,049,894","장르":"액션","등급":"12세이상관람가","url":"https://movie-phinf.pstatic.net/20170524_114/14956017057093mlM5_JPEG/movie_image.jpg?type=f67"},
{"순위":82,"영화명":"인크레더블 2","감독":"브래드 버드","개봉일":"2018-07-18","영화형태":"장편","국적":"미국","매출액":"24,554,683,588","관객수":"3,033,052","장르":"애니메이션","등급":"전체관람가","url":"https://movie-phinf.pstatic.net/20180711_9/1531285562987n5VUG_JPEG/movie_image.jpg?type=f67"},
{"순위":83,"영화명":"형","감독":"권수경","개봉일":"2016-11-23","영화형태":"장편","국적":"한국","매출액":"23,129,111,893","관객수":"2,982,022","장르":"코미디","등급":"12세이상관람가","url":"https://movie-phinf.pstatic.net/20161123_110/1479885421852lTvQa_JPEG/movie_image.jpg?type=f67"},
{"순위":84,"영화명":"서치","감독":"아니쉬 차간티","개봉일":"2018-08-29","영화형태":"장편","국적":"미국","매출액":"25,283,364,845","관객수":"2,949,944","장르":"드라마","등급":"12세이상관람가","url":"https://movie-phinf.pstatic.net/20180806_112/1533528494465BJWKD_JPEG/movie_image.jpg?type=f67"},
{"순위":85,"영화명":"엑스맨: 아포칼립스","감독":"브라이언 싱어","개봉일":"2016-05-25","영화형태":"장편","국적":"미국","매출액":"24,467,887,950","관객수":"2,938,818","장르":"액션","등급":"12세이상관람가","url":"https://movie-phinf.pstatic.net/20160511_36/1462931993740VWM8O_JPEG/movie_image.jpg?type=f67"},
{"순위":86,"영화명":"프리즌","감독":"나현","개봉일":"2017-03-23","영화형태":"장편","국적":"한국","매출액":"23,790,276,987","관객수":"2,931,897","장르":"범죄","등급":"청소년관람불가","url":"https://movie-phinf.pstatic.net/20170308_197/1488935001510TfDtR_JPEG/movie_image.jpg?type=f67"},
{"순위":87,"영화명":"가장 보통의 연애","감독":"김한결","개봉일":"2019-10-02","영화형태":"장편","국적":"한국","매출액":"24,822,316,930","관객수":"2,917,213","장르":"멜로/로맨스","등급":"15세이상관람가","url":"https://movie-phinf.pstatic.net/20190911_29/1568167420523xeKY5_JPEG/movie_image.jpg?type=f67"},
{"순위":88,"영화명":"너의 결혼식","감독":"이석근","개봉일":"2018-08-22","영화형태":"장편","국적":"한국","매출액":"23,670,604,369","관객수":"2,820,029","장르":"멜로/로맨스","등급":"12세이상관람가","url":"https://movie-phinf.pstatic.net/20180730_82/15329286640280Wu1t_JPEG/movie_image.jpg?type=f67"},
{"순위":89,"영화명":"말모이","감독":"엄유나","개봉일":"2019-01-09","영화형태":"장편","국적":"한국","매출액":"23,682,638,520","관객수":"2,812,444","장르":"드라마","등급":"12세이상관람가","url":"https://movie-phinf.pstatic.net/20181227_80/1545901137289EGbWK_JPEG/movie_image.jpg?type=f67"},
{"순위":90,"영화명":"덩케르크","감독":"크리스토퍼 놀란","개봉일":"2017-07-20","영화형태":"장편","국적":"미국","매출액":"24,576,771,848","관객수":"2,792,705","장르":"액션","등급":"12세이상관람가","url":"https://movie-phinf.pstatic.net/20170712_245/149982527853229Stz_JPEG/movie_image.jpg?type=f67"},
{"순위":91,"영화명":"가디언즈 오브 갤럭시 VOL. 2","감독":"제임스 건","개봉일":"2017-05-03","영화형태":"장편","국적":"미국","매출액":"23,452,674,686","관객수":"2,735,719","장르":"액션","등급":"12세이상관람가","url":"https://movie-phinf.pstatic.net/20170329_6/1490752948552vH5G8_JPEG/movie_image.jpg?type=f67"},
{"순위":92,"영화명":"미스 페레그린과 이상한 아이들의 집","감독":"팀 버튼","개봉일":"2016-09-28","영화형태":"장편","국적":"미국","매출액":"21,841,214,586","관객수":"2,718,158","장르":"미스터리","등급":"12세이상관람가","url":"https://movie-phinf.pstatic.net/20160913_124/1473736308649Wktj4_JPEG/movie_image.jpg?type=f67"},
{"순위":93,"영화명":"곤지암","감독":"정범식","개봉일":"2018-03-28","영화형태":"장편","국적":"한국","매출액":"21,442,114,144","관객수":"2,675,559","장르":"공포(호러)","등급":"15세이상관람가","url":"https://movie-phinf.pstatic.net/20180406_37/1522991036857QqP7N_JPEG/movie_image.jpg?type=f67"},
{"순위":94,"영화명":"살인자의 기억법","감독":"원신연","개봉일":"2017-09-06","영화형태":"장편","국적":"한국","매출액":"21,361,479,492","관객수":"2,656,694","장르":"범죄","등급":"15세이상관람가","url":"https://movie-phinf.pstatic.net/20171030_272/1509348877448FqDsF_JPEG/movie_image.jpg?type=f67"},
{"순위":95,"영화명":"히말라야","감독":"이석훈","개봉일":"2015-12-16","영화형태":"장편","국적":"한국","매출액":"20,703,807,567","관객수":"2,630,064","장르":"드라마","등급":"12세이상관람가","url":"https://movie-phinf.pstatic.net/20151119_280/1447895561914GiahL_JPEG/movie_image.jpg?type=f67"},
{"순위":96,"영화명":"트랜스포머: 최후의 기사","감독":"마이클 베이","개봉일":"2017-06-21","영화형태":"장편","국적":"미국","매출액":"21,501,959,228","관객수":"2,614,601","장르":"액션","등급":"12세이상관람가","url":"https://movie-phinf.pstatic.net/20170621_249/1498007195181fV5gR_JPEG/movie_image.jpg?type=f67"},
{"순위":97,"영화명":"제이슨 본","감독":"폴 그린그래스","개봉일":"2016-07-27","영화형태":"장편","국적":"미국","매출액":"21,253,434,663","관객수":"2,611,966","장르":"액션","등급":"15세이상관람가","url":"https://movie-phinf.pstatic.net/20160715_245/1468546346543wqGxJ_JPEG/movie_image.jpg?type=f67"},
{"순위":98,"영화명":"지금 만나러 갑니다","감독":"이장훈","개봉일":"2018-03-14","영화형태":"장편","국적":"한국","매출액":"20,800,916,128","관객수":"2,602,273","장르":"멜로/로맨스","등급":"12세이상관람가","url":"https://movie-phinf.pstatic.net/20180305_19/1520225513539qKxjR_JPEG/movie_image.jpg?type=f67"},
{"순위":99,"영화명":"도리를 찾아서","감독":"앤드류 스탠튼","개봉일":"2016-07-06","영화형태":"장편","국적":"미국","매출액":"20,703,899,933","관객수":"2,601,734","장르":"애니메이션","등급":"전체관람가","url":"https://movie-phinf.pstatic.net/20160629_193/1467162594011ViJX4_JPEG/movie_image.jpg?type=f67"},
{"순위":100,"영화명":"아수라","감독":"김성수","개봉일":"2016-09-28","영화형태":"장편","국적":"한국","매출액":"20,576,226,662","관객수":"2,594,028","장르":"범죄","등급":"청소년관람불가","url":"https://movie-phinf.pstatic.net/20180131_16/1517381229841vD9SI_JPEG/movie_image.jpg?type=f67"},
{"순위":101,"영화명":"보안관","감독":"김형주","개봉일":"2017-05-03","영화형태":"장편","국적":"한국","매출액":"20,697,532,509","관객수":"2,571,491","장르":"범죄","등급":"15세이상관람가","url":"https://movie-phinf.pstatic.net/20180601_121/1527829131546yXFCK_JPEG/movie_image.jpg?type=f67"},
{"순위":102,"영화명":"정글북","감독":"존 파브로","개봉일":"2016-06-09","영화형태":"장편","국적":"미국","매출액":"21,457,807,134","관객수":"2,532,051","장르":"어드벤처","등급":"12세이상관람가","url":"https://movie-phinf.pstatic.net/20190102_280/1546407959535fMT5e_JPEG/movie_image.jpg?type=f67"},
{"순위":103,"영화명":"목격자","감독":"조규장","개봉일":"2018-08-15","영화형태":"장편","국적":"한국","매출액":"21,732,042,597","관객수":"2,524,086","장르":"스릴러","등급":"15세이상관람가","url":"https://movie-phinf.pstatic.net/20180713_27/1531446268141JEyKE_JPEG/movie_image.jpg?type=f67"},
{"순위":104,"영화명":"마이펫의 이중생활","감독":"크리스 리노드","개봉일":"2016-08-03","영화형태":"장편","국적":"미국","매출액":"19,379,904,655","관객수":"2,517,805","장르":"애니메이션","등급":"전체관람가","url":"https://movie-phinf.pstatic.net/20160627_118/1467002967680IoTgc_JPEG/movie_image.jpg?type=f67"},
{"순위":105,"영화명":"증인","감독":"이한","개봉일":"2019-02-13","영화형태":"장편","국적":"한국","매출액":"20,312,348,931","관객수":"2,516,128","장르":"드라마","등급":"12세이상관람가","url":"https://movie-phinf.pstatic.net/20190226_194/15511480897441tE6t_JPEG/movie_image.jpg?type=f67"},
{"순위":106,"영화명":"조작된 도시","감독":"박광현","개봉일":"2017-02-09","영화형태":"장편","국적":"한국","매출액":"20,119,979,587","관객수":"2,512,572","장르":"범죄","등급":"15세이상관람가","url":"https://movie-phinf.pstatic.net/20170206_87/1486347556947SbfPd_JPEG/movie_image.jpg?type=f67"},
{"순위":107,"영화명":"블랙머니","감독":"정지영","개봉일":"2019-11-13","영화형태":"장편","국적":"한국","매출액":"20,747,796,510","관객수":"2,465,678","장르":"범죄","등급":"12세이상관람가","url":"https://movie-phinf.pstatic.net/20191113_203/1573610067050zNCj1_JPEG/movie_image.jpg?type=f67"},
{"순위":108,"영화명":"보스 베이비","감독":"톰 맥그라스","개봉일":"2017-05-03","영화형태":"장편","국적":"미국","매출액":"18,918,869,704","관객수":"2,450,023","장르":"애니메이션","등급":"전체관람가","url":"https://movie-phinf.pstatic.net/20170502_246/1493714904472wjKKl_JPEG/movie_image.jpg?type=f67"},
{"순위":109,"영화명":"조선명탐정: 흡혈괴마의 비밀","감독":"김석윤","개봉일":"2018-02-08","영화형태":"장편","국적":"한국","매출액":"19,690,818,764","관객수":"2,424,330","장르":"사극","등급":"12세이상관람가","url":"https://movie-phinf.pstatic.net/20180103_83/1514944124667mI6T8_JPEG/movie_image.jpg?type=f67"},
{"순위":110,"영화명":"재심","감독":"김태윤","개봉일":"2017-02-15","영화형태":"장편","국적":"한국","매출액":"19,263,100,637","관객수":"2,420,729","장르":"드라마","등급":"15세이상관람가","url":"https://movie-phinf.pstatic.net/20170206_116/1486347780659NI0zd_JPEG/movie_image.jpg?type=f67"},
{"순위":111,"영화명":"신비한 동물들과 그린델왈드의 범죄","감독":"데이빗 예이츠","개봉일":"2018-11-14","영화형태":"장편","국적":"미국","매출액":"20,816,583,118","관객수":"2,414,062","장르":"판타지","등급":"12세이상관람가","url":"https://movie-phinf.pstatic.net/20181029_21/1540774701820gU85o_JPEG/movie_image.jpg?type=f67"},
{"순위":112,"영화명":"터미네이터: 다크 페이트","감독":"팀 밀러","개봉일":"2019-10-30","영화형태":"장편","국적":"미국","매출액":"20,167,141,830","관객수":"2,410,227","장르":"액션","등급":"15세이상관람가","url":"https://movie-phinf.pstatic.net/20191030_118/1572411669676j0Arb_JPEG/movie_image.jpg?type=f67"},
{"순위":113,"영화명":"히트맨","감독":"최원섭","개봉일":"2020-01-22","영화형태":"장편","국적":"한국","매출액":"20,578,626,400","관객수":"2,402,196","장르":"코미디","등급":"15세이상관람가","url":"https://movie-phinf.pstatic.net/20150821_238/1440120165623aqSc1_JPEG/movie_image.jpg?type=f67"},
{"순위":114,"영화명":"사바하","감독":"장재현","개봉일":"2019-02-20","영화형태":"장편","국적":"한국","매출액":"20,002,183,194","관객수":"2,397,792","장르":"미스터리","등급":"15세이상관람가","url":"https://movie-phinf.pstatic.net/20190128_284/1548637887932Dwfkj_JPEG/movie_image.jpg?type=f67"},
{"순위":115,"영화명":"박열","감독":"이준익","개봉일":"2017-06-28","영화형태":"장편","국적":"한국","매출액":"18,093,543,795","관객수":"2,359,174","장르":"드라마","등급":"12세이상관람가","url":"https://movie-phinf.pstatic.net/20170607_7/1496812951145IU2Bn_JPEG/movie_image.jpg?type=f67"},
{"순위":116,"영화명":"모아나","감독":"론 클레멘츠,존 머스커","개봉일":"2017-01-12","영화형태":"장편","국적":"미국","매출액":"18,055,062,307","관객수":"2,310,054","장르":"애니메이션","등급":"전체관람가","url":"https://movie-phinf.pstatic.net/20170120_142/1484874386518CyDv1_JPEG/movie_image.jpg?type=f67"},
{"순위":117,"영화명":"메이즈 러너: 데스 큐어","감독":"웨스 볼","개봉일":"2018-01-17","영화형태":"장편","국적":"미국","매출액":"18,902,873,104","관객수":"2,299,732","장르":"액션","등급":"12세이상관람가","url":"https://movie-phinf.pstatic.net/20180109_2/1515462206998c2SSi_JPEG/movie_image.jpg?type=f67"},
{"순위":118,"영화명":"맘마미아!2","감독":"올 파커","개봉일":"2018-08-08","영화형태":"장편","국적":"미국","매출액":"19,532,365,003","관객수":"2,285,143","장르":"뮤지컬","등급":"12세이상관람가","url":"https://movie-phinf.pstatic.net/20180808_39/1533692610471D6ej4_JPEG/movie_image.jpg?type=f67"},
{"순위":119,"영화명":"배트맨 대 슈퍼맨: 저스티스의 시작","감독":"잭 스나이더","개봉일":"2016-03-24","영화형태":"장편","국적":"미국","매출액":"18,906,246,428","관객수":"2,256,913","장르":"액션","등급":"12세이상관람가","url":"https://movie-phinf.pstatic.net/20160318_192/1458281933154QBCXn_JPEG/movie_image.jpg?type=f67"},
{"순위":120,"영화명":"레디 플레이어 원","감독":"스티븐 스필버그","개봉일":"2018-03-28","영화형태":"장편","국적":"미국","매출액":"19,933,108,071","관객수":"2,254,430","장르":"액션","등급":"12세이상관람가","url":"https://movie-phinf.pstatic.net/20180315_203/15211038058255kjrY_JPEG/movie_image.jpg?type=f67"},
{"순위":121,"영화명":"타짜: 원 아이드 잭","감독":"권오광","개봉일":"2019-09-11","영화형태":"장편","국적":"한국","매출액":"19,673,441,214","관객수":"2,227,671","장르":"범죄","등급":"청소년관람불가","url":"https://movie-phinf.pstatic.net/20190823_200/1566544005806zhoyN_JPEG/movie_image.jpg?type=f67"},
{"순위":122,"영화명":"원더 우먼","감독":"팻티 젠킨스","개봉일":"2017-05-31","영화형태":"장편","국적":"미국","매출액":"17,468,588,886","관객수":"2,165,401","장르":"액션","등급":"12세이상관람가","url":"https://movie-phinf.pstatic.net/20170518_127/1495067025096yKWjY_JPEG/movie_image.jpg?type=f67"},
{"순위":123,"영화명":"신의 한 수: 귀수편","감독":"리건","개봉일":"2019-11-07","영화형태":"장편","국적":"한국","매출액":"18,390,976,550","관객수":"2,146,766","장르":"범죄","등급":"15세이상관람가","url":"https://movie-phinf.pstatic.net/20191029_52/15723135180872xOKy_JPEG/movie_image.jpg?type=f67"},
{"순위":124,"영화명":"겟 아웃","감독":"조던 필","개봉일":"2017-05-17","영화형태":"장편","국적":"미국","매출액":"17,431,570,075","관객수":"2,138,146","장르":"공포(호러)","등급":"15세이상관람가","url":"https://movie-phinf.pstatic.net/20170512_76/1494564316131VmHQY_JPEG/movie_image.jpg?type=f67"},
{"순위":125,"영화명":"굿바이 싱글","감독":"김태곤","개봉일":"2016-06-29","영화형태":"장편","국적":"한국","매출액":"16,912,706,195","관객수":"2,108,273","장르":"코미디","등급":"15세이상관람가","url":"https://movie-phinf.pstatic.net/20160519_248/1463650220674Q7dRl_JPEG/movie_image.jpg?type=f67"},
{"순위":126,"영화명":"명당","감독":"박희곤","개봉일":"2018-09-19","영화형태":"장편","국적":"한국","매출액":"17,900,775,524","관객수":"2,087,474","장르":"사극","등급":"12세이상관람가","url":"https://movie-phinf.pstatic.net/20180920_268/1537425274130wtXzB_JPEG/movie_image.jpg?type=f67"},
{"순위":127,"영화명":"로건","감독":"제임스 맨골드","개봉일":"2017-03-01","영화형태":"장편","국적":"미국","매출액":"17,590,962,723","관객수":"2,070,084","장르":"액션","등급":"청소년관람불가","url":"https://movie-phinf.pstatic.net/20170511_70/1494464362009nw0gc_JPEG/movie_image.jpg?type=f67"},
{"순위":128,"영화명":"혹성탈출: 종의 전쟁","감독":"맷 리브스","개봉일":"2017-08-15","영화형태":"장편","국적":"미국","매출액":"16,851,234,778","관객수":"2,050,909","장르":"액션","등급":"12세이상관람가","url":"https://movie-phinf.pstatic.net/20170712_250/1499825654939bJBrA_JPEG/movie_image.jpg?type=f67"},
{"순위":129,"영화명":"봉이 김선달","감독":"박대민","개봉일":"2016-07-06","영화형태":"장편","국적":"한국","매출액":"16,172,133,642","관객수":"2,044,564","장르":"사극","등급":"12세이상관람가","url":"https://movie-phinf.pstatic.net/20160616_172/1466040138501VYf7a_JPEG/movie_image.jpg?type=f67"},
{"순위":130,"영화명":"레버넌트: 죽음에서 돌아온 자","감독":"알레한드로 곤잘레스 이냐리투","개봉일":"2016-01-14","영화형태":"장편","국적":"미국","매출액":"16,107,288,130","관객수":"2,007,180","장르":"어드벤처","등급":"15세이상관람가","url":"https://movie-phinf.pstatic.net/20151229_126/14513737252567fehq_JPEG/movie_image.jpg?type=f67"},
{"순위":131,"영화명":"천문: 하늘에 묻는다","감독":"허진호","개봉일":"2019-12-26","영화형태":"장편","국적":"한국","매출액":"16,502,543,020","관객수":"2,000,490","장르":"사극","등급":"12세이상관람가","url":"https://movie-phinf.pstatic.net/20191231_207/1577754153157vUcFn_JPEG/movie_image.jpg?type=f67"},
{"순위":132,"영화명":"협상","감독":"이종석","개봉일":"2018-09-19","영화형태":"장편","국적":"한국","매출액":"17,032,133,166","관객수":"1,967,721","장르":"범죄","등급":"15세이상관람가","url":"https://movie-phinf.pstatic.net/20180828_55/15354321217227X7a3_JPEG/movie_image.jpg?type=f67"},
{"순위":133,"영화명":"알리타: 배틀 엔젤","감독":"로버트 로드리게즈","개봉일":"2019-02-05","영화형태":"장편","국적":"미국","매출액":"18,527,661,667","관객수":"1,949,372","장르":"액션","등급":"12세이상관람가","url":"https://movie-phinf.pstatic.net/20190128_22/1548638810964Go9Wy_JPEG/movie_image.jpg?type=f67"},
{"순위":134,"영화명":"애나벨 : 인형의 주인","감독":"데이비드 F. 샌드버그","개봉일":"2017-08-10","영화형태":"장편","국적":"미국","매출액":"15,526,858,738","관객수":"1,934,192","장르":"공포(호러)","등급":"15세이상관람가","url":"https://movie-phinf.pstatic.net/20170710_33/1499652500267HjUEN_JPEG/movie_image.jpg?type=f67"},
{"순위":135,"영화명":"컨저링 2","감독":"제임스 완","개봉일":"2016-06-09","영화형태":"장편","국적":"미국","매출액":"15,737,956,229","관객수":"1,926,201","장르":"공포(호러)","등급":"15세이상관람가","url":"https://movie-phinf.pstatic.net/20160525_161/1464156291880IEpkO_JPEG/movie_image.jpg?type=f67"},
{"순위":136,"영화명":"내부자들: 디 오리지널","감독":"우민호","개봉일":"2015-12-31","영화형태":"장편","국적":"한국","매출액":"15,737,097,560","관객수":"1,923,851","장르":"범죄","등급":"청소년관람불가","url":"https://movie-phinf.pstatic.net/20151231_70/14515598150769qgj2_JPEG/movie_image.jpg?type=f67"},
{"순위":137,"영화명":"내안의 그놈","감독":"강효진","개봉일":"2019-01-09","영화형태":"장편","국적":"한국","매출액":"16,293,580,567","관객수":"1,901,684","장르":"판타지","등급":"15세이상관람가","url":"https://movie-phinf.pstatic.net/20181204_172/1543891228332kV3d1_JPEG/movie_image.jpg?type=f67"},
{"순위":138,"영화명":"수어사이드 스쿼드","감독":"데이비드 에이어","개봉일":"2016-08-03","영화형태":"장편","국적":"미국","매출액":"15,873,106,188","관객수":"1,898,121","장르":"액션","등급":"15세이상관람가","url":"https://movie-phinf.pstatic.net/20160722_13/14691653297397KnjG_JPEG/movie_image.jpg?type=f67"},
{"순위":139,"영화명":"마약왕","감독":"우민호","개봉일":"2018-12-19","영화형태":"장편","국적":"한국","매출액":"16,222,446,942","관객수":"1,864,076","장르":"범죄","등급":"청소년관람불가","url":"https://movie-phinf.pstatic.net/20181126_96/1543207321602QPWG8_JPEG/movie_image.jpg?type=f67"},
{"순위":140,"영화명":"노무현입니다","감독":"이창재","개봉일":"2017-05-25","영화형태":"장편","국적":"한국","매출액":"14,554,935,612","관객수":"1,854,867","장르":"다큐멘터리","등급":"12세이상관람가","url":"https://movie-phinf.pstatic.net/20170517_278/1494985832213VQ7uH_JPEG/movie_image.jpg?type=f67"},
{"순위":141,"영화명":"뺑반","감독":"한준희","개봉일":"2019-01-30","영화형태":"장편","국적":"한국","매출액":"15,222,811,848","관객수":"1,826,714","장르":"범죄","등급":"15세이상관람가","url":"https://movie-phinf.pstatic.net/20190115_40/15475402622236yHgr_JPEG/movie_image.jpg?type=f67"},
{"순위":142,"영화명":"변신","감독":"김홍선","개봉일":"2019-08-21","영화형태":"장편","국적":"한국","매출액":"15,417,922,925","관객수":"1,804,112","장르":"공포(호러)","등급":"15세이상관람가","url":"https://movie-phinf.pstatic.net/20190821_179/1566364206702zsxW4_JPEG/movie_image.jpg?type=f67"},
{"순위":143,"영화명":"저스티스 리그","감독":"잭 스나이더","개봉일":"2017-11-15","영화형태":"장편","국적":"미국","매출액":"14,629,692,795","관객수":"1,786,386","장르":"액션","등급":"12세이상관람가","url":"https://movie-phinf.pstatic.net/20170925_296/150631600340898aUX_JPEG/movie_image.jpg?type=f67"},
{"순위":144,"영화명":"주먹왕 랄프 2: 인터넷 속으로","감독":"리치 무어","개봉일":"2019-01-03","영화형태":"장편","국적":"미국","매출액":"13,877,029,723","관객수":"1,754,375","장르":"애니메이션","등급":"전체관람가","url":"https://movie-phinf.pstatic.net/20181204_287/1543888062606NHMh7_JPEG/movie_image.jpg?type=f67"},
{"순위":145,"영화명":"씽","감독":"가스 제닝스","개봉일":"2016-12-21","영화형태":"장편","국적":"미국","매출액":"13,257,953,389","관객수":"1,729,426","장르":"애니메이션","등급":"전체관람가","url":"https://movie-phinf.pstatic.net/20161208_30/1481172865937GitfC_JPEG/movie_image.jpg?type=f67"},
{"순위":146,"영화명":"킬러의 보디가드","감독":"패트릭 휴즈","개봉일":"2017-08-30","영화형태":"장편","국적":"미국","매출액":"14,020,395,800","관객수":"1,721,757","장르":"액션","등급":"15세이상관람가","url":"https://movie-phinf.pstatic.net/20200409_173/1586395627527I1Lic_JPEG/movie_image.jpg?type=f67"},
{"순위":147,"영화명":"쥬만지: 새로운 세계","감독":"제이크 캐스단","개봉일":"2018-01-03","영화형태":"장편","국적":"미국","매출액":"13,814,824,864","관객수":"1,708,672","장르":"액션","등급":"12세이상관람가","url":"https://movie-phinf.pstatic.net/20171127_196/1511757905894vduNA_JPEG/movie_image.jpg?type=f67"},
{"순위":148,"영화명":"콩: 스컬 아일랜드","감독":"조던 복트-로버츠","개봉일":"2017-03-08","영화형태":"장편","국적":"미국","매출액":"13,951,644,383","관객수":"1,685,933","장르":"액션","등급":"12세이상관람가","url":"https://movie-phinf.pstatic.net/20170302_105/1488429340048tk4Cw_JPEG/movie_image.jpg?type=f67"},
{"순위":149,"영화명":"23 아이덴티티","감독":"M. 나이트 샤말란","개봉일":"2017-02-22","영화형태":"장편","국적":"미국","매출액":"13,609,456,135","관객수":"1,675,798","장르":"스릴러","등급":"15세이상관람가","url":"https://movie-phinf.pstatic.net/20170207_225/1486428081012r6FQr_JPEG/movie_image.jpg?type=f67"},
{"순위":150,"영화명":"PMC: 더 벙커","감독":"김병우","개봉일":"2018-12-26","영화형태":"장편","국적":"한국","매출액":"14,024,838,424","관객수":"1,671,548","장르":"액션","등급":"15세이상관람가","url":"https://movie-phinf.pstatic.net/20181205_284/1543974277191S4IrC_JPEG/movie_image.jpg?type=f67"},
{"순위":151,"영화명":"임금님의 사건수첩","감독":"문현성","개봉일":"2017-04-26","영화형태":"장편","국적":"한국","매출액":"12,648,793,723","관객수":"1,634,403","장르":"코미디","등급":"12세이상관람가","url":"https://movie-phinf.pstatic.net/20170426_111/14931684846956pCQV_JPEG/movie_image.jpg?type=f67"},
{"순위":152,"영화명":"걸캅스","감독":"정다원","개봉일":"2019-05-09","영화형태":"장편","국적":"한국","매출액":"13,772,604,134","관객수":"1,625,037","장르":"코미디","등급":"15세이상관람가","url":"https://movie-phinf.pstatic.net/20190418_272/155557683107045leS_JPEG/movie_image.jpg?type=f67"},
{"순위":153,"영화명":"사자","감독":"김주환","개봉일":"2019-07-31","영화형태":"장편","국적":"한국","매출액":"12,917,306,145","관객수":"1,609,737","장르":"미스터리","등급":"15세이상관람가","url":"https://movie-phinf.pstatic.net/20190625_168/1561426986010A3uBi_JPEG/movie_image.jpg?type=f67"},
{"순위":154,"영화명":"닥터 두리틀","감독":"스티븐 개건","개봉일":"2020-01-08","영화형태":"장편","국적":"미국","매출액":"13,449,206,760","관객수":"1,607,082","장르":"판타지","등급":"전체관람가","url":"https://movie-phinf.pstatic.net/20111221_110/1324472663609NXejI_JPEG/movie_image.jpg?type=f67"},
{"순위":155,"영화명":"창궐","감독":"김성훈","개봉일":"2018-10-25","영화형태":"장편","국적":"한국","매출액":"13,275,772,490","관객수":"1,599,290","장르":"사극","등급":"15세이상관람가","url":"https://movie-phinf.pstatic.net/20181001_87/15383614506431bq1D_JPEG/movie_image.jpg?type=f67"},
{"순위":156,"영화명":"성난황소","감독":"김민호","개봉일":"2018-11-22","영화형태":"장편","국적":"한국","매출액":"13,236,490,737","관객수":"1,593,386","장르":"범죄","등급":"15세이상관람가","url":"https://movie-phinf.pstatic.net/20181031_241/1540950975705Bac4v_JPEG/movie_image.jpg?type=f67"},
{"순위":157,"영화명":"범블비","감독":"트래비스 나이트","개봉일":"2018-12-25","영화형태":"장편","국적":"미국","매출액":"13,090,949,707","관객수":"1,561,643","장르":"액션","등급":"12세이상관람가","url":"https://movie-phinf.pstatic.net/20181214_92/1544769316534ctOAO_JPEG/movie_image.jpg?type=f67"},
{"순위":158,"영화명":"도어락","감독":"이권","개봉일":"2018-12-05","영화형태":"장편","국적":"한국","매출액":"12,694,612,486","관객수":"1,545,442","장르":"스릴러","등급":"15세이상관람가","url":"https://movie-phinf.pstatic.net/20181109_210/1541739608888DcEEo_JPEG/movie_image.jpg?type=f67"},
{"순위":159,"영화명":"드래곤 길들이기 3","감독":"딘 데블로이스","개봉일":"2019-01-30","영화형태":"장편","국적":"미국","매출액":"12,340,610,576","관객수":"1,506,942","장르":"애니메이션","등급":"전체관람가","url":"https://movie-phinf.pstatic.net/20190131_168/1548898773611USlT7_JPEG/movie_image.jpg?type=f67"},
{"순위":160,"영화명":"리틀 포레스트","감독":"임순례","개봉일":"2018-02-28","영화형태":"장편","국적":"한국","매출액":"11,924,818,185","관객수":"1,505,560","장르":"드라마","등급":"전체관람가","url":"https://movie-phinf.pstatic.net/20180130_167/1517289346533DfzLE_JPEG/movie_image.jpg?type=f67"},
{"순위":161,"영화명":"인디펜던스 데이 : 리써전스","감독":"롤랜드 에머리히","개봉일":"2016-06-22","영화형태":"장편","국적":"미국","매출액":"12,770,879,840","관객수":"1,500,830","장르":"액션","등급":"12세이상관람가","url":"https://movie-phinf.pstatic.net/20160622_124/1466569071288cLjUc_JPEG/movie_image.jpg?type=f67"},
{"순위":162,"영화명":"어스","감독":"조던 필","개봉일":"2019-03-27","영화형태":"장편","국적":"미국","매출액":"12,586,771,104","관객수":"1,475,087","장르":"공포(호러)","등급":"15세이상관람가","url":"https://movie-phinf.pstatic.net/20180821_290/1534833924080COVHo_JPEG/movie_image.jpg?type=f67"},
{"순위":163,"영화명":"스윙키즈","감독":"강형철","개봉일":"2018-12-19","영화형태":"장편","국적":"한국","매출액":"12,077,312,892","관객수":"1,470,753","장르":"드라마","등급":"12세이상관람가","url":"https://movie-phinf.pstatic.net/20181123_36/1542956277015JmOTd_JPEG/movie_image.jpg?type=f67"},
{"순위":164,"영화명":"부라더","감독":"장유정","개봉일":"2017-11-02","영화형태":"장편","국적":"한국","매출액":"11,590,908,298","관객수":"1,468,301","장르":"코미디","등급":"12세이상관람가","url":"https://movie-phinf.pstatic.net/20181129_255/1543452505700tFbVC_JPEG/movie_image.jpg?type=f67"},
{"순위":165,"영화명":"말레피센트 2","감독":"요아킴 뢰닝","개봉일":"2019-10-17","영화형태":"장편","국적":"미국","매출액":"12,191,395,690","관객수":"1,444,952","장르":"어드벤처","등급":"12세이상관람가","url":"https://movie-phinf.pstatic.net/20191004_160/1570150829240zmLfa_JPEG/movie_image.jpg?type=f67"},
{"순위":166,"영화명":"나의 특별한 형제","감독":"육상효","개봉일":"2019-05-01","영화형태":"장편","국적":"한국","매출액":"11,835,049,574","관객수":"1,441,813","장르":"드라마","등급":"12세이상관람가","url":"https://movie-phinf.pstatic.net/20190404_182/1554340290133Khnb5_JPEG/movie_image.jpg?type=f67"},
{"순위":167,"영화명":"탐정 홍길동: 사라진 마을","감독":"조성희","개봉일":"2016-05-04","영화형태":"장편","국적":"한국","매출액":"11,483,686,845","관객수":"1,426,873","장르":"드라마","등급":"15세이상관람가","url":"https://movie-phinf.pstatic.net/20160512_132/1463043558461I0pL1_JPEG/movie_image.jpg?type=f67"},
{"순위":168,"영화명":"정직한 후보","감독":"장유정","개봉일":"2020-02-12","영화형태":"장편","국적":"한국","매출액":"11,937,690,480","관객수":"1,416,544","장르":"코미디","등급":"12세이상관람가","url":"https://movie-phinf.pstatic.net/20200121_186/1579570188386BXMMG_JPEG/movie_image.jpg?type=f67"},
{"순위":169,"영화명":"위대한 쇼맨","감독":"마이클 그레이시","개봉일":"2017-12-20","영화형태":"장편","국적":"미국","매출액":"11,511,889,500","관객수":"1,402,809","장르":"드라마","등급":"12세이상관람가","url":"https://movie-phinf.pstatic.net/20171218_47/1513561221134wvRja_JPEG/movie_image.jpg?type=f67"},
{"순위":170,"영화명":"벤허","감독":"티무르 베크맘베토브","개봉일":"2016-09-14","영화형태":"장편","국적":"미국","매출액":"11,405,870,395","관객수":"1,399,771","장르":"어드벤처","등급":"12세이상관람가","url":"https://movie-phinf.pstatic.net/20160830_161/1472547227447rvOLg_JPEG/movie_image.jpg?type=f67"},
{"순위":171,"영화명":"기억의 밤","감독":"장항준","개봉일":"2017-11-29","영화형태":"장편","국적":"한국","매출액":"10,652,346,660","관객수":"1,387,599","장르":"미스터리","등급":"15세이상관람가","url":"https://movie-phinf.pstatic.net/20171129_172/1511930306592dumMz_JPEG/movie_image.jpg?type=f67"},
{"순위":172,"영화명":"골든슬럼버","감독":"노동석","개봉일":"2018-02-14","영화형태":"장편","국적":"한국","매출액":"11,412,768,798","관객수":"1,387,508","장르":"범죄","등급":"15세이상관람가","url":"https://movie-phinf.pstatic.net/20180129_75/1517203407129cCrpT_JPEG/movie_image.jpg?type=f67"},
{"순위":173,"영화명":"램페이지","감독":"브래드 페이튼","개봉일":"2018-04-12","영화형태":"장편","국적":"미국","매출액":"11,951,980,109","관객수":"1,385,511","장르":"액션","등급":"12세이상관람가","url":"https://movie-phinf.pstatic.net/20180329_128/1522290942423A9Otf_JPEG/movie_image.jpg?type=f67"},
{"순위":174,"영화명":"해피 데스데이","감독":"크리스토퍼 랜던","개봉일":"2017-11-08","영화형태":"장편","국적":"미국","매출액":"11,003,095,402","관객수":"1,382,480","장르":"공포(호러)","등급":"15세이상관람가","url":"https://movie-phinf.pstatic.net/20171030_113/15093310622251GtNg_JPEG/movie_image.jpg?type=f67"},
{"순위":175,"영화명":"브이아이피","감독":"박훈정","개봉일":"2017-08-23","영화형태":"장편","국적":"한국","매출액":"10,956,621,835","관객수":"1,373,316","장르":"범죄","등급":"청소년관람불가","url":"https://movie-phinf.pstatic.net/20170818_225/1503022966358iQcyu_JPEG/movie_image.jpg?type=f67"},
{"순위":176,"영화명":"특별시민","감독":"박인제","개봉일":"2017-04-26","영화형태":"장편","국적":"한국","매출액":"10,494,768,945","관객수":"1,362,634","장르":"드라마","등급":"15세이상관람가","url":"https://movie-phinf.pstatic.net/20170419_128/1492582031650Pk5Iq_JPEG/movie_image.jpg?type=f67"},
{"순위":177,"영화명":"포드 V 페라리","감독":"제임스 맨골드","개봉일":"2019-12-04","영화형태":"장편","국적":"미국","매출액":"11,953,522,760","관객수":"1,359,142","장르":"액션","등급":"12세이상관람가","url":"https://movie-phinf.pstatic.net/20191204_91/15754257752042kHvB_JPEG/movie_image.jpg?type=f67"},
{"순위":178,"영화명":"궁합","감독":"홍창표","개봉일":"2018-02-28","영화형태":"장편","국적":"한국","매출액":"10,478,875,438","관객수":"1,340,117","장르":"코미디","등급":"12세이상관람가","url":"https://movie-phinf.pstatic.net/20180209_36/1518146280303ogba8_JPEG/movie_image.jpg?type=f67"},
{"순위":179,"영화명":"오션스8","감독":"게리 로스","개봉일":"2018-06-13","영화형태":"장편","국적":"미국","매출액":"11,694,325,266","관객수":"1,335,181","장르":"액션","등급":"12세이상관람가","url":"https://movie-phinf.pstatic.net/20180523_198/1527043468389JEplc_JPEG/movie_image.jpg?type=f67"},
{"순위":180,"영화명":"굿 다이노","감독":"피터 손","개봉일":"2016-01-07","영화형태":"장편","국적":"미국","매출액":"9,753,434,238","관객수":"1,328,394","장르":"애니메이션","등급":"전체관람가","url":"https://movie-phinf.pstatic.net/20160122_167/1453425570870TUGqr_JPEG/movie_image.jpg?type=f67"},
{"순위":181,"영화명":"사라진 밤","감독":"이창희","개봉일":"2018-03-07","영화형태":"장편","국적":"한국","매출액":"10,686,397,316","관객수":"1,314,274","장르":"스릴러","등급":"15세이상관람가","url":"https://movie-phinf.pstatic.net/20180219_109/15190203631845L35p_JPEG/movie_image.jpg?type=f67"},
{"순위":182,"영화명":"에이리언: 커버넌트","감독":"리들리 스콧","개봉일":"2017-05-09","영화형태":"장편","국적":"미국","매출액":"10,745,826,264","관객수":"1,307,226","장르":"SF","등급":"15세이상관람가","url":"https://movie-phinf.pstatic.net/20170421_256/1492756975428P3mAD_JPEG/movie_image.jpg?type=f67"},
{"순위":183,"영화명":"장산범","감독":"허정","개봉일":"2017-08-17","영화형태":"장편","국적":"한국","매출액":"10,332,117,083","관객수":"1,305,145","장르":"미스터리","등급":"15세이상관람가","url":"https://movie-phinf.pstatic.net/20170717_299/1500255989773woYLE_JPEG/movie_image.jpg?type=f67"},
{"순위":184,"영화명":"셜록: 유령신부","감독":"더글라스 맥키넌","개봉일":"2016-01-02","영화형태":"장편","국적":"영국","매출액":"9,992,425,049","관객수":"1,278,894","장르":"범죄","등급":"12세이상관람가","url":"https://movie-phinf.pstatic.net/20151130_18/1448859096444NiUiF_JPEG/movie_image.jpg?type=f67"},
{"순위":185,"영화명":"클로젯","감독":"김광빈","개봉일":"2020-02-05","영화형태":"장편","국적":"한국","매출액":"10,867,382,940","관객수":"1,259,080","장르":"미스터리","등급":"15세이상관람가","url":"https://movie-phinf.pstatic.net/20140612_103/1402555170775LJU7l_PNG/movie_image.jpg?type=f67"},
{"순위":186,"영화명":"유열의 음악앨범","감독":"정지우","개봉일":"2019-08-28","영화형태":"장편","국적":"한국","매출액":"10,233,455,040","관객수":"1,245,532","장르":"멜로/로맨스","등급":"12세이상관람가","url":"https://movie-phinf.pstatic.net/20190806_57/1565060277522KjSpd_JPEG/movie_image.jpg?type=f67"},
{"순위":187,"영화명":"특별수사: 사형수의 편지","감독":"권종관","개봉일":"2016-06-16","영화형태":"장편","국적":"한국","매출액":"9,792,082,065","관객수":"1,225,142","장르":"범죄","등급":"15세이상관람가","url":"https://movie-phinf.pstatic.net/20160616_68/1466039997062rJ2kf_JPEG/movie_image.jpg?type=f67"},
{"순위":188,"영화명":"해치지않아","감독":"손재곤","개봉일":"2020-01-15","영화형태":"장편","국적":"한국","매출액":"10,154,099,090","관객수":"1,209,689","장르":"코미디","등급":"12세이상관람가","url":"https://movie-phinf.pstatic.net/20200115_223/1579061805057fDTGd_JPEG/movie_image.jpg?type=f67"},
{"순위":189,"영화명":"악녀","감독":"정병길","개봉일":"2017-06-08","영화형태":"장편","국적":"한국","매출액":"9,730,720,144","관객수":"1,206,917","장르":"액션","등급":"청소년관람불가","url":"https://movie-phinf.pstatic.net/20170510_67/1494379581052e3Eqd_JPEG/movie_image.jpg?type=f67"},
{"순위":190,"영화명":"시간이탈자","감독":"곽재용","개봉일":"2016-04-13","영화형태":"장편","국적":"한국","매출액":"9,729,882,195","관객수":"1,202,058","장르":"스릴러","등급":"15세이상관람가","url":"https://movie-phinf.pstatic.net/20160317_297/1458178138484vOfhJ_JPEG/movie_image.jpg?type=f67"},
{"순위":191,"영화명":"해빙","감독":"이수연","개봉일":"2017-03-01","영화형태":"장편","국적":"한국","매출액":"9,879,737,822","관객수":"1,201,576","장르":"스릴러","등급":"15세이상관람가","url":"https://movie-phinf.pstatic.net/20170210_40/1486707180853wnm7T_JPEG/movie_image.jpg?type=f67"},
{"순위":192,"영화명":"생일","감독":"이종언","개봉일":"2019-04-03","영화형태":"장편","국적":"한국","매출액":"9,786,575,840","관객수":"1,186,283","장르":"드라마","등급":"전체관람가","url":"https://movie-phinf.pstatic.net/20190329_223/1553847778414CTAcF_JPEG/movie_image.jpg?type=f67"},
{"순위":193,"영화명":"바람 바람 바람","감독":"이병헌","개봉일":"2018-04-05","영화형태":"장편","국적":"한국","매출액":"9,702,206,675","관객수":"1,183,959","장르":"코미디","등급":"청소년관람불가","url":"https://movie-phinf.pstatic.net/20180316_177/1521164667488clVxP_JPEG/movie_image.jpg?type=f67"},
{"순위":194,"영화명":"힘을 내요, 미스터 리","감독":"이계벽","개봉일":"2019-09-11","영화형태":"장편","국적":"한국","매출액":"9,887,863,906","관객수":"1,176,076","장르":"코미디","등급":"12세이상관람가","url":"https://movie-phinf.pstatic.net/20190828_246/1566958975223z5NAU_JPEG/movie_image.jpg?type=f67"},
{"순위":195,"영화명":"당신, 거기 있어줄래요","감독":"홍지영","개봉일":"2016-12-14","영화형태":"장편","국적":"한국","매출액":"9,361,133,648","관객수":"1,168,625","장르":"판타지","등급":"12세이상관람가","url":"https://movie-phinf.pstatic.net/20161124_88/1479951959050RqcvW_JPEG/movie_image.jpg?type=f67"},
{"순위":196,"영화명":"동주","감독":"이준익","개봉일":"2016-02-17","영화형태":"장편","국적":"한국","매출액":"8,864,695,589","관객수":"1,168,427","장르":"드라마","등급":"12세이상관람가","url":"https://movie-phinf.pstatic.net/20160205_299/1454651273096sYmsK_JPEG/movie_image.jpg?type=f67"},
{"순위":197,"영화명":"워크래프트: 전쟁의 서막","감독":"던칸 존스","개봉일":"2016-06-09","영화형태":"장편","국적":"미국","매출액":"10,140,269,205","관객수":"1,163,120","장르":"액션","등급":"12세이상관람가","url":"https://movie-phinf.pstatic.net/20160517_102/1463452532603zsM6P_JPEG/movie_image.jpg?type=f67"},
{"순위":198,"영화명":"항거:유관순 이야기","감독":"조민호","개봉일":"2019-02-27","영화형태":"장편","국적":"한국","매출액":"9,290,065,101","관객수":"1,157,707","장르":"드라마","등급":"12세이상관람가","url":"https://movie-phinf.pstatic.net/20190207_119/1549515732449nv5tM_JPEG/movie_image.jpg?type=f67"},
{"순위":199,"영화명":"스타트렉 비욘드","감독":"저스틴 린","개봉일":"2016-08-17","영화형태":"장편","국적":"미국","매출액":"10,193,232,820","관객수":"1,157,472","장르":"액션","등급":"12세이상관람가","url":"https://movie-phinf.pstatic.net/20160729_96/1469766304190Y0wUC_JPEG/movie_image.jpg?type=f67"},
{"순위":200,"영화명":"미씽: 사라진 여자","감독":"이언희","개봉일":"2016-11-30","영화형태":"장편","국적":"한국","매출액":"8,881,616,256","관객수":"1,153,109","장르":"미스터리","등급":"15세이상관람가","url":"https://movie-phinf.pstatic.net/20161130_126/1480469003419ruzKF_JPEG/movie_image.jpg?type=f67"},
{"순위":201,"영화명":"퍼펙트맨","감독":"용수","개봉일":"2019-10-02","영화형태":"장편","국적":"한국","매출액":"9,604,139,750","관객수":"1,144,894","장르":"코미디","등급":"15세이상관람가","url":"https://movie-phinf.pstatic.net/20190918_70/1568789034699xL82H_JPEG/movie_image.jpg?type=f67"},
{"순위":202,"영화명":"장사리 : 잊혀진 영웅들","감독":"곽경택,김태훈","개봉일":"2019-09-25","영화형태":"장편","국적":"한국","매출액":"8,997,921,050","관객수":"1,140,876","장르":"전쟁","등급":"12세이상관람가","url":"https://movie-phinf.pstatic.net/20190821_138/1566362458427V6Usp_JPEG/movie_image.jpg?type=f67"},
{"순위":203,"영화명":"하루","감독":"조선호","개봉일":"2017-06-15","영화형태":"장편","국적":"한국","매출액":"9,068,009,842","관객수":"1,129,018","장르":"스릴러","등급":"15세이상관람가","url":"https://movie-phinf.pstatic.net/20180809_270/1533795264359FuRS0_PNG/movie_image.jpg?type=f67"},
{"순위":204,"영화명":"챔피언","감독":"김용완","개봉일":"2018-05-01","영화형태":"장편","국적":"한국","매출액":"9,441,064,230","관객수":"1,125,319","장르":"드라마","등급":"12세이상관람가","url":"https://movie-phinf.pstatic.net/20180424_250/152454601292350zFi_JPEG/movie_image.jpg?type=f67"},
{"순위":205,"영화명":"마이펫의 이중생활 2","감독":"크리스 리노드","개봉일":"2019-07-31","영화형태":"장편","국적":"미국","매출액":"8,512,830,825","관객수":"1,114,941","장르":"애니메이션","등급":"전체관람가","url":"https://movie-phinf.pstatic.net/20190805_203/15649916739090lNjN_JPEG/movie_image.jpg?type=f67"},
{"순위":206,"영화명":"라이트 아웃","감독":"데이비드 F. 샌드버그","개봉일":"2016-08-24","영화형태":"장편","국적":"미국","매출액":"8,892,177,975","관객수":"1,111,158","장르":"공포(호러)","등급":"15세이상관람가","url":"https://movie-phinf.pstatic.net/20160725_249/1469408792231AYlvh_JPEG/movie_image.jpg?type=f67"},
{"순위":207,"영화명":"롱 리브 더 킹: 목포 영웅","감독":"강윤성","개봉일":"2019-06-19","영화형태":"장편","국적":"한국","매출액":"9,218,262,910","관객수":"1,092,738","장르":"액션","등급":"15세이상관람가","url":"https://movie-phinf.pstatic.net/20190603_86/15595468699485F3e6_JPEG/movie_image.jpg?type=f67"},
{"순위":208,"영화명":"퍼시픽 림: 업라이징","감독":"스티븐 S. 드나이트","개봉일":"2018-03-21","영화형태":"장편","국적":"미국","매출액":"8,962,712,795","관객수":"1,077,235","장르":"액션","등급":"15세이상관람가","url":"https://movie-phinf.pstatic.net/20180309_206/1520581718986h3dmX_JPEG/movie_image.jpg?type=f67"},
{"순위":209,"영화명":"몬스터 호텔 3","감독":"젠디 타타코브스키","개봉일":"2018-08-08","영화형태":"장편","국적":"미국","매출액":"7,932,156,800","관객수":"1,072,006","장르":"애니메이션","등급":"전체관람가","url":"https://movie-phinf.pstatic.net/20180725_54/1532482387857R71bw_JPEG/movie_image.jpg?type=f67"},
{"순위":210,"영화명":"오빠생각","감독":"이한","개봉일":"2016-01-21","영화형태":"장편","국적":"한국","매출액":"8,058,857,287","관객수":"1,069,436","장르":"드라마","등급":"12세이상관람가","url":"https://movie-phinf.pstatic.net/20160121_19/1453360481455FIfHz_JPEG/movie_image.jpg?type=f67"},
{"순위":211,"영화명":"날, 보러와요","감독":"이철하","개봉일":"2016-04-07","영화형태":"장편","국적":"한국","매출액":"8,821,335,063","관객수":"1,061,412","장르":"미스터리","등급":"청소년관람불가","url":"https://movie-phinf.pstatic.net/20160404_75/14597497048563ORbp_JPEG/movie_image.jpg?type=f67"},
{"순위":212,"영화명":"쥬만지: 넥스트 레벨","감독":"제이크 캐스단","개봉일":"2019-12-11","영화형태":"장편","국적":"미국","매출액":"8,793,056,370","관객수":"1,057,271","장르":"액션","등급":"12세이상관람가","url":"https://movie-phinf.pstatic.net/20191120_230/15742165480563skun_JPEG/movie_image.jpg?type=f67"},
{"순위":213,"영화명":"지오스톰","감독":"딘 데블린,대니 캐넌","개봉일":"2017-10-19","영화형태":"장편","국적":"미국","매출액":"8,480,864,614","관객수":"1,028,384","장르":"액션","등급":"12세이상관람가","url":"https://movie-phinf.pstatic.net/20170922_133/1506059018478U7ur6_JPEG/movie_image.jpg?type=f67"},
{"순위":214,"영화명":"로그 원: 스타워즈 스토리","감독":"가렛 에드워즈","개봉일":"2016-12-28","영화형태":"장편","국적":"미국","매출액":"9,047,995,594","관객수":"1,019,309","장르":"액션","등급":"12세이상관람가","url":"https://movie-phinf.pstatic.net/20170323_50/1490231495113Exj6V_JPEG/movie_image.jpg?type=f67"},
{"순위":215,"영화명":"더 넌","감독":"코린 하디","개봉일":"2018-09-19","영화형태":"장편","국적":"미국","매출액":"8,777,844,795","관객수":"1,011,580","장르":"공포(호러)","등급":"15세이상관람가","url":"https://movie-phinf.pstatic.net/20180911_134/1536645540004OFOoL_JPEG/movie_image.jpg?type=f67"},
{"순위":216,"영화명":"존 윅 3: 파라벨룸","감독":"채드 스타헬스키","개봉일":"2019-06-26","영화형태":"장편","국적":"미국","매출액":"8,204,889,876","관객수":"1,004,347","장르":"액션","등급":"청소년관람불가","url":"https://movie-phinf.pstatic.net/20190621_225/1561080456596qGGRl_JPEG/movie_image.jpg?type=f67"},
{"순위":217,"영화명":"스카이스크래퍼","감독":"로슨 마샬 터버","개봉일":"2018-07-11","영화형태":"장편","국적":"미국","매출액":"8,612,111,718","관객수":"1,002,858","장르":"액션","등급":"12세이상관람가","url":"https://movie-phinf.pstatic.net/20180626_178/1530002275230doFpi_JPEG/movie_image.jpg?type=f67"},
{"순위":218,"영화명":"맨 인 더 다크","감독":"페드 알바레즈","개봉일":"2016-10-05","영화형태":"장편","국적":"미국","매출액":"8,445,645,672","관객수":"999.047","장르":"스릴러","등급":"청소년관람불가","url":"https://movie-phinf.pstatic.net/20160926_50/1474871861533Vs8ok_JPEG/movie_image.jpg?type=f67"},
{"순위":219,"영화명":"염력","감독":"연상호","개봉일":"2018-01-31","영화형태":"장편","국적":"한국","매출액":"7,484,644,112","관객수":"990.104","장르":"드라마","등급":"15세이상관람가","url":"https://movie-phinf.pstatic.net/20180129_221/1517191055147VRBCD_JPEG/movie_image.jpg?type=f67"},
{"순위":220,"영화명":"고산자, 대동여지도","감독":"강우석","개봉일":"2016-09-07","영화형태":"장편","국적":"한국","매출액":"7,777,473,258","관객수":"971.194","장르":"사극","등급":"전체관람가","url":"https://movie-phinf.pstatic.net/20160830_267/1472533825556VNMmB_JPEG/movie_image.jpg?type=f67"},
{"순위":221,"영화명":"스타워즈: 라스트 제다이","감독":"라이언 존슨","개봉일":"2017-12-14","영화형태":"장편","국적":"미국","매출액":"8,666,688,961","관객수":"959.577","장르":"액션","등급":"12세이상관람가","url":"https://movie-phinf.pstatic.net/20171201_227/1512104000730GwjUy_JPEG/movie_image.jpg?type=f67"},
{"순위":222,"영화명":"나랏말싸미","감독":"조철현","개봉일":"2019-07-24","영화형태":"장편","국적":"한국","매출액":"7,871,240,823","관객수":"958.775","장르":"사극","등급":"전체관람가","url":"https://movie-phinf.pstatic.net/20190722_100/1563762337429ztWu1_JPEG/movie_image.jpg?type=f67"},
{"순위":223,"영화명":"미드웨이","감독":"롤랜드 에머리히","개봉일":"2019-12-31","영화형태":"장편","국적":"미국","매출액":"8,211,133,530","관객수":"955.294","장르":"액션","등급":"15세이상관람가","url":"https://movie-phinf.pstatic.net/20130806_205/1375782401215mztWh_JPEG/movie_image.jpg?type=f67"},
{"순위":224,"영화명":"불한당: 나쁜 놈들의 세상","감독":"변성현","개봉일":"2017-05-17","영화형태":"장편","국적":"한국","매출액":"7,654,331,125","관객수":"951.797","장르":"범죄","등급":"청소년관람불가","url":"https://movie-phinf.pstatic.net/20170517_137/1494988360843qAvzP_JPEG/movie_image.jpg?type=f67"},
{"순위":225,"영화명":"미 비포 유","감독":"테아 샤록","개봉일":"2016-06-01","영화형태":"장편","국적":"미국","매출액":"7,618,156,490","관객수":"939.658","장르":"멜로/로맨스","등급":"12세이상관람가","url":"https://movie-phinf.pstatic.net/20160520_45/14637112153058xJx0_JPEG/movie_image.jpg?type=f67"},
{"순위":226,"영화명":"매그니피센트 7","감독":"안톤 후쿠아","개봉일":"2016-09-14","영화형태":"장편","국적":"미국","매출액":"7,633,490,421","관객수":"921.317","장르":"액션","등급":"15세이상관람가","url":"https://movie-phinf.pstatic.net/20160902_107/14727819992496P6bw_JPEG/movie_image.jpg?type=f67"},
{"순위":227,"영화명":"갓 오브 이집트","감독":"알렉스 프로야스","개봉일":"2016-03-03","영화형태":"장편","국적":"미국","매출액":"7,610,472,624","관객수":"918.678","장르":"어드벤처","등급":"12세이상관람가","url":"https://movie-phinf.pstatic.net/20160308_174/1457398834647C1nVi_JPEG/movie_image.jpg?type=f67"},
{"순위":228,"영화명":"월요일이 사라졌다","감독":"토미 위르콜라","개봉일":"2018-02-22","영화형태":"장편","국적":"영국","매출액":"7,489,885,100","관객수":"903.175","장르":"액션","등급":"15세이상관람가","url":"https://movie-phinf.pstatic.net/20180129_126/1517205484221qUvjL_JPEG/movie_image.jpg?type=f67"},
{"순위":229,"영화명":"인랑","감독":"김지운","개봉일":"2018-07-25","영화형태":"장편","국적":"한국","매출액":"6,994,748,173","관객수":"897.548","장르":"SF","등급":"15세이상관람가","url":"https://movie-phinf.pstatic.net/20180530_139/1527644339969WkMqB_JPEG/movie_image.jpg?type=f67"},
{"순위":230,"영화명":"신비아파트 극장판 하늘도깨비 대 요르문간드","감독":"변영규","개봉일":"2019-12-19","영화형태":"장편","국적":"한국","매출액":"7,046,174,380","관객수":"893.229","장르":"애니메이션","등급":"전체관람가","url":"https://movie-phinf.pstatic.net/20191219_65/1576740674361x3FPY_JPEG/movie_image.jpg?type=f67"},
{"순위":231,"영화명":"그것","감독":"안드레스 무시에티","개봉일":"2017-09-06","영화형태":"장편","국적":"미국","매출액":"7,331,422,607","관객수":"888.386","장르":"공포(호러)","등급":"15세이상관람가","url":"https://movie-phinf.pstatic.net/20170904_146/1504487646916G9OQb_JPEG/movie_image.jpg?type=f67"},
{"순위":232,"영화명":"극장판 헬로카봇 : 백악기 시대","감독":"최신규,김진철","개봉일":"2018-08-01","영화형태":"장편","국적":"한국","매출액":"6,542,619,500","관객수":"874.967","장르":"애니메이션","등급":"전체관람가","url":"https://movie-phinf.pstatic.net/20180712_119/1531377839011rdxSS_JPEG/movie_image.jpg?type=f67"},
{"순위":233,"영화명":"오리엔트 특급 살인","감독":"케네스 브래너","개봉일":"2017-11-29","영화형태":"장편","국적":"미국","매출액":"6,645,385,163","관객수":"864.757","장르":"드라마","등급":"12세이상관람가","url":"https://movie-phinf.pstatic.net/20171120_242/15111404926409w9n3_JPEG/movie_image.jpg?type=f67"},
{"순위":234,"영화명":"엑스맨: 다크 피닉스","감독":"사이먼 킨버그","개봉일":"2019-06-05","영화형태":"장편","국적":"미국","매출액":"7,649,216,640","관객수":"862.744","장르":"액션","등급":"12세이상관람가","url":"https://movie-phinf.pstatic.net/20190603_273/1559540193462sgsr5_JPEG/movie_image.jpg?type=f67"},
{"순위":235,"영화명":"레전드 오브 타잔","감독":"데이빗 예이츠","개봉일":"2016-06-29","영화형태":"장편","국적":"미국","매출액":"7,196,970,717","관객수":"858.402","장르":"액션","등급":"12세이상관람가","url":"https://movie-phinf.pstatic.net/20160613_184/1465792678793Nyf8F_JPEG/movie_image.jpg?type=f67"},
{"순위":236,"영화명":"맨 인 블랙: 인터내셔널","감독":"F. 게리 그레이","개봉일":"2019-06-12","영화형태":"장편","국적":"미국","매출액":"7,455,439,570","관객수":"851.040","장르":"액션","등급":"12세이상관람가","url":"https://movie-phinf.pstatic.net/20190607_19/1559868537841RhggT_JPEG/movie_image.jpg?type=f67"},
{"순위":237,"영화명":"좋아해줘","감독":"박현진","개봉일":"2016-02-17","영화형태":"장편","국적":"한국","매출액":"6,572,774,337","관객수":"848.148","장르":"멜로/로맨스","등급":"12세이상관람가","url":"https://movie-phinf.pstatic.net/20160205_60/1454633217081k795p_JPEG/movie_image.jpg?type=f67"},
{"순위":238,"영화명":"대립군","감독":"정윤철","개봉일":"2017-05-31","영화형태":"장편","국적":"한국","매출액":"6,276,963,402","관객수":"837.500","장르":"드라마","등급":"15세이상관람가","url":"https://movie-phinf.pstatic.net/20170517_96/1494981290836uRBeN_JPEG/movie_image.jpg?type=f67"},
{"순위":239,"영화명":"뽀로로 극장판 공룡섬 대모험","감독":"김현호,윤제완","개봉일":"2017-12-07","영화형태":"장편","국적":"한국","매출액":"6,203,897,300","관객수":"824.079","장르":"애니메이션","등급":"전체관람가","url":"https://movie-phinf.pstatic.net/20171102_209/1509602233507BiJrs_JPEG/movie_image.jpg?type=f67"},
{"순위":240,"영화명":"베이비 드라이버","감독":"에드가 라이트","개봉일":"2017-09-14","영화형태":"장편","국적":"영국","매출액":"6,688,509,214","관객수":"821.419","장르":"액션","등급":"15세이상관람가","url":"https://movie-phinf.pstatic.net/20170817_236/15029344014309P7ml_JPEG/movie_image.jpg?type=f67"},
{"순위":241,"영화명":"브리짓 존스의 베이비","감독":"샤론 맥과이어","개봉일":"2016-09-28","영화형태":"장편","국적":"미국","매출액":"6,678,585,874","관객수":"820.995","장르":"코미디","등급":"15세이상관람가","url":"https://movie-phinf.pstatic.net/20160928_292/1475049717166BloND_JPEG/movie_image.jpg?type=f67"},
{"순위":242,"영화명":"레드슈즈","감독":"홍성호,홍성호","개봉일":"2019-07-25","영화형태":"장편","국적":"한국","매출액":"6,102,923,190","관객수":"817.547","장르":"애니메이션","등급":"전체관람가","url":"https://movie-phinf.pstatic.net/20190725_193/1564022721149J72b7_JPEG/movie_image.jpg?type=f67"},
{"순위":243,"영화명":"나이브스 아웃","감독":"라이언 존슨","개봉일":"2019-12-04","영화형태":"장편","국적":"미국","매출액":"6,803,305,350","관객수":"805.127","장르":"미스터리","등급":"12세이상관람가","url":"https://movie-phinf.pstatic.net/20191119_163/1574125979767APJb7_JPEG/movie_image.jpg?type=f67"},
{"순위":244,"영화명":"상류사회","감독":"변혁","개봉일":"2018-08-29","영화형태":"장편","국적":"한국","매출액":"6,313,416,163","관객수":"768.442","장르":"드라마","등급":"청소년관람불가","url":"https://movie-phinf.pstatic.net/20180730_55/1532927800050iSgEs_JPEG/movie_image.jpg?type=f67"},
{"순위":245,"영화명":"뽀로로 극장판 보물섬 대모험","감독":"김현호,윤창섭,김현호","개봉일":"2019-04-25","영화형태":"장편","국적":"한국","매출액":"5,886,268,900","관객수":"766.758","장르":"애니메이션","등급":"전체관람가","url":"https://movie-phinf.pstatic.net/20190329_266/15538347866861YXl3_JPEG/movie_image.jpg?type=f67"},
{"순위":246,"영화명":"레슬러","감독":"김대웅","개봉일":"2018-05-09","영화형태":"장편","국적":"한국","매출액":"6,440,492,657","관객수":"765.963","장르":"드라마","등급":"15세이상관람가","url":"https://movie-phinf.pstatic.net/20180430_206/1525051757819QHWi9_JPEG/movie_image.jpg?type=f67"},
{"순위":247,"영화명":"레지던트 이블: 파멸의 날","감독":"폴 W.S. 앤더슨","개봉일":"2017-01-25","영화형태":"장편","국적":"미국","매출액":"6,422,202,365","관객수":"765.259","장르":"액션","등급":"청소년관람불가","url":"https://movie-phinf.pstatic.net/20170102_9/1483318733129WOMJj_JPEG/movie_image.jpg?type=f67"},
{"순위":248,"영화명":"공각기동대 : 고스트 인 더 쉘","감독":"루퍼트 샌더스","개봉일":"2017-03-29","영화형태":"장편","국적":"미국","매출액":"6,285,970,884","관객수":"764.072","장르":"SF","등급":"15세이상관람가","url":"https://movie-phinf.pstatic.net/20170323_283/1490247365952HKKGB_JPEG/movie_image.jpg?type=f67"},
{"순위":249,"영화명":"작은 아씨들","감독":"그레타 거윅","개봉일":"2020-02-12","영화형태":"장편","국적":"미국","매출액":"6,416,340,370","관객수":"762.333","장르":"드라마","등급":"전체관람가","url":"https://movie-phinf.pstatic.net/20170912_32/1505205771708rmIIa_PNG/movie_image.jpg?type=f67"},
{"순위":250,"영화명":"스플릿","감독":"최국희","개봉일":"2016-11-09","영화형태":"장편","국적":"한국","매출액":"6,097,721,539","관객수":"757.430","장르":"드라마","등급":"15세이상관람가","url":"https://movie-phinf.pstatic.net/20161116_262/1479256549925MEKV1_JPEG/movie_image.jpg?type=f67"},
{"순위":251,"영화명":"캣츠","감독":"톰 후퍼","개봉일":"2019-12-24","영화형태":"장편","국적":"미국","매출액":"6,322,519,050","관객수":"756.249","장르":"뮤지컬","등급":"12세이상관람가","url":"https://movie-phinf.pstatic.net/20200407_105/1586221588109pHOpS_JPEG/movie_image.jpg?type=f67"},
{"순위":252,"영화명":"런던 해즈 폴른","감독":"바박 나자피","개봉일":"2016-03-10","영화형태":"장편","국적":"미국","매출액":"5,908,203,979","관객수":"731.551","장르":"액션","등급":"15세이상관람가","url":"https://movie-phinf.pstatic.net/20160219_206/1455866622464DE3ot_JPEG/movie_image.jpg?type=f67"},
{"순위":253,"영화명":"스파이더맨: 뉴 유니버스","감독":"밥 퍼시케티,피터 램지,로드니 로스맨","개봉일":"2018-12-12","영화형태":"장편","국적":"미국","매출액":"6,008,476,176","관객수":"723.450","장르":"애니메이션","등급":"12세이상관람가","url":"https://movie-phinf.pstatic.net/20181207_3/1544172927548CbuaX_JPEG/movie_image.jpg?type=f67"},
{"순위":254,"영화명":"물괴","감독":"허종호","개봉일":"2018-09-12","영화형태":"장편","국적":"한국","매출액":"6,104,164,954","관객수":"723.414","장르":"액션","등급":"15세이상관람가","url":"https://movie-phinf.pstatic.net/20180904_28/1536022878766FfKOq_JPEG/movie_image.jpg?type=f67"},
{"순위":255,"영화명":"미쓰백","감독":"이지원","개봉일":"2018-10-11","영화형태":"장편","국적":"한국","매출액":"6,027,243,066","관객수":"720.558","장르":"드라마","등급":"15세이상관람가","url":"https://movie-phinf.pstatic.net/20181011_124/15392221324972UPeA_JPEG/movie_image.jpg?type=f67"},
{"순위":256,"영화명":"국가대표 2","감독":"김종현","개봉일":"2016-08-10","영화형태":"장편","국적":"한국","매출액":"5,424,324,942","관객수":"703.024","장르":"드라마","등급":"12세이상관람가","url":"https://movie-phinf.pstatic.net/20160810_259/1470790761456d04zP_JPEG/movie_image.jpg?type=f67"},
{"순위":257,"영화명":"인페르노","감독":"론 하워드","개봉일":"2016-10-19","영화형태":"장편","국적":"미국","매출액":"5,656,281,303","관객수":"689.071","장르":"미스터리","등급":"15세이상관람가","url":"https://movie-phinf.pstatic.net/20161007_126/1475820229731rjGPX_JPEG/movie_image.jpg?type=f67"},
{"순위":258,"영화명":"명탐정 피카츄","감독":"롭 레터맨","개봉일":"2019-05-09","영화형태":"장편","국적":"미국","매출액":"5,730,788,546","관객수":"686.809","장르":"액션","등급":"전체관람가","url":"https://movie-phinf.pstatic.net/20190424_53/1556091565705XDpwg_JPEG/movie_image.jpg?type=f67"},
{"순위":259,"영화명":"앵그리버드 더 무비","감독":"퍼갈 레일리,클레이 케이티스","개봉일":"2016-05-19","영화형태":"장편","국적":"미국","매출액":"5,218,111,744","관객수":"680.606","장르":"애니메이션","등급":"전체관람가","url":"https://movie-phinf.pstatic.net/20160405_248/14598200449645GdMy_JPEG/movie_image.jpg?type=f67"},
{"순위":260,"영화명":"신비아파트: 금빛 도깨비와 비밀의 동굴","감독":"김병갑","개봉일":"2018-07-25","영화형태":"장편","국적":"한국","매출액":"5,001,247,250","관객수":"678.091","장르":"애니메이션","등급":"전체관람가","url":"https://movie-phinf.pstatic.net/20180711_300/1531271231936amqff_JPEG/movie_image.jpg?type=f67"},
{"순위":261,"영화명":"트롤","감독":"마이크 미첼,월트 도른","개봉일":"2017-02-16","영화형태":"장편","국적":"미국","매출액":"5,011,161,500","관객수":"675.966","장르":"애니메이션","등급":"전체관람가","url":"https://movie-phinf.pstatic.net/20170131_247/1485837102862FEQpu_JPEG/movie_image.jpg?type=f67"},
{"순위":262,"영화명":"패신저스","감독":"모튼 틸덤","개봉일":"2017-01-04","영화형태":"장편","국적":"미국","매출액":"5,467,466,918","관객수":"668.576","장르":"어드벤처","등급":"12세이상관람가","url":"https://movie-phinf.pstatic.net/20161221_21/1482303055046W6hE3_JPEG/movie_image.jpg?type=f67"},
{"순위":263,"영화명":"퍼스트맨","감독":"데이미언 셔젤","개봉일":"2018-10-18","영화형태":"장편","국적":"미국","매출액":"6,094,765,639","관객수":"665.364","장르":"SF","등급":"12세이상관람가","url":"https://movie-phinf.pstatic.net/20180921_295/1537492322557T4mGt_JPEG/movie_image.jpg?type=f67"},
{"순위":264,"영화명":"날씨의 아이","감독":"신카이 마코토","개봉일":"2019-10-30","영화형태":"장편","국적":"일본","매출액":"5,444,490,370","관객수":"659.386","장르":"애니메이션","등급":"15세이상관람가","url":"https://movie-phinf.pstatic.net/20190916_49/1568614827948hyiXA_JPEG/movie_image.jpg?type=f67"},
{"순위":265,"영화명":"샤잠!","감독":"데이비드 F. 샌드버그","개봉일":"2019-04-03","영화형태":"장편","국적":"미국","매출액":"5,730,673,797","관객수":"656.492","장르":"액션","등급":"12세이상관람가","url":"https://movie-phinf.pstatic.net/20190322_198/1553220632606va06v_JPEG/movie_image.jpg?type=f67"},
{"순위":266,"영화명":"그날의 분위기","감독":"조규장","개봉일":"2016-01-14","영화형태":"장편","국적":"한국","매출액":"5,142,899,612","관객수":"652.453","장르":"멜로/로맨스","등급":"15세이상관람가","url":"https://movie-phinf.pstatic.net/20151216_253/1450228698126auNzt_JPEG/movie_image.jpg?type=f67"},
{"순위":267,"영화명":"아빠는 딸","감독":"김형협","개봉일":"2017-04-12","영화형태":"장편","국적":"한국","매출액":"5,047,634,395","관객수":"646.412","장르":"코미디","등급":"12세이상관람가","url":"https://movie-phinf.pstatic.net/20170323_62/1490230691455MpGoC_JPEG/movie_image.jpg?type=f67"},
{"순위":268,"영화명":"사냥","감독":"이우철","개봉일":"2016-06-29","영화형태":"장편","국적":"한국","매출액":"4,912,658,515","관객수":"645.922","장르":"액션","등급":"15세이상관람가","url":"https://movie-phinf.pstatic.net/20180223_284/15193647709674qXRy_JPEG/movie_image.jpg?type=f67"},
{"순위":269,"영화명":"나를 찾아줘","감독":"김승우","개봉일":"2019-11-27","영화형태":"장편","국적":"한국","매출액":"5,117,014,620","관객수":"645.082","장르":"스릴러","등급":"15세이상관람가","url":"https://movie-phinf.pstatic.net/20191107_207/15730934347025pUuS_JPEG/movie_image.jpg?type=f67"},
{"순위":270,"영화명":"광대들: 풍문조작단","감독":"김주호","개봉일":"2019-08-21","영화형태":"장편","국적":"한국","매출액":"5,226,776,088","관객수":"637.021","장르":"사극","등급":"12세이상관람가","url":"https://movie-phinf.pstatic.net/20190723_30/1563861332950L3kzW_JPEG/movie_image.jpg?type=f67"},
{"순위":271,"영화명":"널 기다리며","감독":"모홍진","개봉일":"2016-03-10","영화형태":"장편","국적":"한국","매출액":"5,232,611,336","관객수":"634.953","장르":"스릴러","등급":"청소년관람불가","url":"https://movie-phinf.pstatic.net/20160307_193/1457316803459eHDRf_JPEG/movie_image.jpg?type=f67"},
{"순위":272,"영화명":"컨택트","감독":"드니 빌뇌브","개봉일":"2017-02-02","영화형태":"장편","국적":"미국","매출액":"5,174,020,721","관객수":"629.322","장르":"SF","등급":"12세이상관람가","url":"https://movie-phinf.pstatic.net/20180611_297/1528698683027WASY2_PNG/movie_image.jpg?type=f67"},
{"순위":273,"영화명":"설리: 허드슨강의 기적","감독":"클린트 이스트우드","개봉일":"2016-09-28","영화형태":"장편","국적":"미국","매출액":"5,234,170,754","관객수":"627.102","장르":"드라마","등급":"12세이상관람가","url":"https://movie-phinf.pstatic.net/20160929_171/1475137390209iWmGD_JPEG/movie_image.jpg?type=f67"},
{"순위":274,"영화명":"잭 리처: 네버 고 백","감독":"에드워드 즈윅","개봉일":"2016-11-30","영화형태":"장편","국적":"미국","매출액":"4,647,326,258","관객수":"612.328","장르":"액션","등급":"15세이상관람가","url":"https://movie-phinf.pstatic.net/20161130_61/14804897645328nwRS_JPEG/movie_image.jpg?type=f67"},
{"순위":275,"영화명":"미스터 주: 사라진 VIP","감독":"김태윤","개봉일":"2020-01-22","영화형태":"장편","국적":"한국","매출액":"5,056,358,660","관객수":"601.525","장르":"코미디","등급":"12세이상관람가","url":"https://movie-phinf.pstatic.net/20200122_11/15796766202282GrU2_JPEG/movie_image.jpg?type=f67"},
{"순위":276,"영화명":"그것: 두 번째 이야기","감독":"안드레스 무시에티","개봉일":"2019-09-04","영화형태":"장편","국적":"미국","매출액":"5,107,465,367","관객수":"591.043","장르":"스릴러","등급":"15세이상관람가","url":"https://movie-phinf.pstatic.net/20190828_206/1566967731041eErbg_JPEG/movie_image.jpg?type=f67"},
{"순위":277,"영화명":"47 미터","감독":"요하네스 로버츠","개봉일":"2017-07-19","영화형태":"장편","국적":"영국","매출액":"4,686,022,657","관객수":"590.036","장르":"스릴러","등급":"15세이상관람가","url":"https://movie-phinf.pstatic.net/20170710_236/1499649120659mlzY0_JPEG/movie_image.jpg?type=f67"},
{"순위":278,"영화명":"극장판 헬로카봇 : 달나라를 구해줘!","감독":"최신규,김진철","개봉일":"2019-09-04","영화형태":"장편","국적":"한국","매출액":"4,553,434,150","관객수":"587.818","장르":"애니메이션","등급":"전체관람가","url":"https://movie-phinf.pstatic.net/20190809_188/1565339488370yCW90_JPEG/movie_image.jpg?type=f67"},
{"순위":279,"영화명":"극장판 헬로카봇: 옴파로스 섬의 비밀","감독":"최신규,김진철","개봉일":"2019-01-31","영화형태":"장편","국적":"한국","매출액":"4,485,905,140","관객수":"575.353","장르":"애니메이션","등급":"전체관람가","url":"https://movie-phinf.pstatic.net/20190207_107/1549506120933tsuBH_JPEG/movie_image.jpg?type=f67"},
{"순위":280,"영화명":"이스케이프 룸","감독":"애덤 로비텔","개봉일":"2019-03-14","영화형태":"장편","국적":"미국","매출액":"5,007,420,664","관객수":"563.114","장르":"액션","등급":"15세이상관람가","url":"https://movie-phinf.pstatic.net/20190308_234/1552035128139wsiTd_JPEG/movie_image.jpg?type=f67"},
{"순위":281,"영화명":"싱 스트리트","감독":"존 카니","개봉일":"2016-05-19","영화형태":"장편","국적":"아일랜드","매출액":"4,488,377,672","관객수":"560.578","장르":"드라마","등급":"15세이상관람가","url":"https://movie-phinf.pstatic.net/20160422_280/1461299853033ntW4y_JPEG/movie_image.jpg?type=f67"},
{"순위":282,"영화명":"인시디어스4: 라스트 키","감독":"애덤 로비텔","개봉일":"2018-01-31","영화형태":"장편","국적":"미국","매출액":"4,301,309,864","관객수":"554.521","장르":"공포(호러)","등급":"15세이상관람가","url":"https://movie-phinf.pstatic.net/20180108_263/15153783627796amVf_JPEG/movie_image.jpg?type=f67"},
{"순위":283,"영화명":"양자물리학","감독":"이성태","개봉일":"2019-09-25","영화형태":"장편","국적":"한국","매출액":"4,526,478,380","관객수":"553.879","장르":"범죄","등급":"15세이상관람가","url":"https://movie-phinf.pstatic.net/20190925_5/1569399574648S2DUV_JPEG/movie_image.jpg?type=f67"},
{"순위":284,"영화명":"아이스 에이지: 지구 대충돌","감독":"마이크 트메이어","개봉일":"2016-07-20","영화형태":"장편","국적":"미국","매출액":"4,092,484,600","관객수":"553.760","장르":"애니메이션","등급":"전체관람가","url":"https://movie-phinf.pstatic.net/20160720_250/1468983135276kCSQT_JPEG/movie_image.jpg?type=f67"},
{"순위":285,"영화명":"그린치","감독":"스콧 모시어","개봉일":"2018-12-19","영화형태":"장편","국적":"미국","매출액":"4,188,466,900","관객수":"552.962","장르":"애니메이션","등급":"전체관람가","url":"https://movie-phinf.pstatic.net/20181219_173/1545182351444JkMbU_JPEG/movie_image.jpg?type=f67"},
{"순위":286,"영화명":"몬스터 호텔 2","감독":"젠디 타타코브스키","개봉일":"2015-12-24","영화형태":"장편","국적":"미국","매출액":"4,059,258,691","관객수":"552.334","장르":"애니메이션","등급":"전체관람가","url":"https://movie-phinf.pstatic.net/20151120_281/1448012822950l9mry_JPEG/movie_image.jpg?type=f67"},
{"순위":287,"영화명":"메카닉: 리크루트","감독":"데니스 간젤","개봉일":"2016-08-31","영화형태":"장편","국적":"미국","매출액":"4,458,200,800","관객수":"551.897","장르":"액션","등급":"15세이상관람가","url":"https://movie-phinf.pstatic.net/20160919_261/1474268181725gYkjY_JPEG/movie_image.jpg?type=f67"},
{"순위":288,"영화명":"점박이 한반도의 공룡2 : 새로운 낙원","감독":"한상호","개봉일":"2018-12-25","영화형태":"장편","국적":"한국","매출액":"4,293,073,300","관객수":"550.059","장르":"애니메이션","등급":"전체관람가","url":"https://movie-phinf.pstatic.net/20181226_152/1545790505642ANrUN_JPEG/movie_image.jpg?type=f67"},
{"순위":289,"영화명":"나쁜 녀석들: 포에버","감독":"아딜 엘 아르비,빌랄 팔라","개봉일":"2020-01-15","영화형태":"장편","국적":"미국","매출액":"4,880,576,760","관객수":"547.775","장르":"액션","등급":"청소년관람불가","url":"https://movie-phinf.pstatic.net/20200107_50/1578361868623t7Qp6_JPEG/movie_image.jpg?type=f67"},
{"순위":290,"영화명":"그날, 바다","감독":"김지영","개봉일":"2018-04-12","영화형태":"장편","국적":"한국","매출액":"4,445,554,528","관객수":"540.558","장르":"다큐멘터리","등급":"15세이상관람가","url":"https://movie-phinf.pstatic.net/20180409_216/1523237427824JU3OT_JPEG/movie_image.jpg?type=f67"},
{"순위":291,"영화명":"툼레이더","감독":"로아 우타우","개봉일":"2018-03-08","영화형태":"장편","국적":"미국","매출액":"4,500,905,762","관객수":"540.410","장르":"액션","등급":"12세이상관람가","url":"https://movie-phinf.pstatic.net/20180228_151/15198047910302bepr_JPEG/movie_image.jpg?type=f67"},
{"순위":292,"영화명":"메리와 마녀의 꽃","감독":"요네바야시 히로마사","개봉일":"2017-12-07","영화형태":"장편","국적":"일본","매출액":"4,064,258,739","관객수":"535.354","장르":"애니메이션","등급":"전체관람가","url":"https://movie-phinf.pstatic.net/20171207_65/15126100449498gct6_JPEG/movie_image.jpg?type=f67"},
{"순위":293,"영화명":"페르디난드","감독":"카를로스 살다나","개봉일":"2018-01-03","영화형태":"장편","국적":"미국","매출액":"3,854,216,500","관객수":"533.776","장르":"애니메이션","등급":"전체관람가","url":"https://movie-phinf.pstatic.net/20171219_152/1513648310523bPIvi_JPEG/movie_image.jpg?type=f67"},
{"순위":294,"영화명":"버닝","감독":"이창동","개봉일":"2018-05-17","영화형태":"장편","국적":"한국","매출액":"4,714,345,098","관객수":"528.153","장르":"미스터리","등급":"청소년관람불가","url":"https://movie-phinf.pstatic.net/20180430_157/1525055069155UyYXg_JPEG/movie_image.jpg?type=f67"},
{"순위":295,"영화명":"7년의 밤","감독":"추창민","개봉일":"2018-03-28","영화형태":"장편","국적":"한국","매출액":"3,969,337,524","관객수":"528.007","장르":"스릴러","등급":"15세이상관람가","url":"https://movie-phinf.pstatic.net/20180314_263/1521014679282NcuID_JPEG/movie_image.jpg?type=f67"},
{"순위":296,"영화명":"메가로돈","감독":"존 터틀타웁","개봉일":"2018-08-15","영화형태":"장편","국적":"미국","매출액":"4,510,731,497","관객수":"527.331","장르":"액션","등급":"12세이상관람가","url":"https://movie-phinf.pstatic.net/20180710_245/1531211626893q4iLG_JPEG/movie_image.jpg?type=f67"},
{"순위":297,"영화명":"콰이어트 플레이스","감독":"존 크랜신스키","개봉일":"2018-04-12","영화형태":"장편","국적":"미국","매출액":"4,580,889,849","관객수":"526.073","장르":"공포(호러)","등급":"15세이상관람가","url":"https://movie-phinf.pstatic.net/20180403_79/1522738194813g4I5M_JPEG/movie_image.jpg?type=f67"},
{"순위":298,"영화명":"얼라이드","감독":"로버트 저메키스","개봉일":"2017-01-11","영화형태":"장편","국적":"미국","매출액":"4,278,041,179","관객수":"518.886","장르":"스릴러","등급":"15세이상관람가","url":"https://movie-phinf.pstatic.net/20170111_190/1484109559882syVIk_JPEG/movie_image.jpg?type=f67"},
{"순위":299,"영화명":"호두까기 인형과 4개의 왕국","감독":"라세 할스트롬,조 존스톤","개봉일":"2018-12-06","영화형태":"장편","국적":"미국","매출액":"4,153,747,200","관객수":"518.272","장르":"판타지","등급":"전체관람가","url":"https://movie-phinf.pstatic.net/20181109_245/1541740985337rsPka_JPEG/movie_image.jpg?type=f67"},
{"순위":300,"영화명":"고스트버스터즈","감독":"폴 페이그","개봉일":"2016-08-25","영화형태":"장편","국적":"미국","매출액":"4,116,292,075","관객수":"515.522","장르":"액션","등급":"12세이상관람가","url":"https://movie-phinf.pstatic.net/20160801_250/1470018591591cbpFB_JPEG/movie_image.jpg?type=f67"},
{"순위":301,"영화명":"애드 아스트라","감독":"제임스 그레이","개봉일":"2019-09-19","영화형태":"장편","국적":"미국","매출액":"4,518,393,460","관객수":"513.375","장르":"SF","등급":"12세이상관람가","url":"https://movie-phinf.pstatic.net/20170412_129/1491973436466beyud_PNG/movie_image.jpg?type=f67"},
{"순위":302,"영화명":"거울나라의 앨리스","감독":"제임스 보빈","개봉일":"2016-09-07","영화형태":"장편","국적":"미국","매출액":"4,145,733,267","관객수":"513.202","장르":"어드벤처","등급":"12세이상관람가","url":"https://movie-phinf.pstatic.net/20160718_163/1468808352015NBrbc_JPEG/movie_image.jpg?type=f67"},
{"순위":303,"영화명":"발레리안: 천 개 행성의 도시","감독":"뤽 베송","개봉일":"2017-08-30","영화형태":"장편","국적":"프랑스","매출액":"4,047,756,408","관객수":"511.931","장르":"액션","등급":"12세이상관람가","url":"https://movie-phinf.pstatic.net/20170802_41/1501638202102tRDNO_JPEG/movie_image.jpg?type=f67"},
{"순위":304,"영화명":"가려진 시간","감독":"엄태화","개봉일":"2016-11-16","영화형태":"장편","국적":"한국","매출액":"3,946,462,400","관객수":"510.878","장르":"드라마","등급":"12세이상관람가","url":"https://movie-phinf.pstatic.net/20161026_266/1477442984794mcXtF_JPEG/movie_image.jpg?type=f67"},
{"순위":305,"영화명":"극장판 포켓몬스터 너로 정했다!","감독":"유야마 쿠니히코","개봉일":"2017-12-21","영화형태":"장편","국적":"일본","매출액":"3,814,315,500","관객수":"509.555","장르":"애니메이션","등급":"전체관람가","url":"https://movie-phinf.pstatic.net/20171115_208/1510709092470SERrP_JPEG/movie_image.jpg?type=f67"},
{"순위":306,"영화명":"명탐정 코난: 순흑의 악몽","감독":"시즈노 코분","개봉일":"2016-08-03","영화형태":"장편","국적":"일본","매출액":"3,754,104,500","관객수":"507.508","장르":"애니메이션","등급":"12세이상관람가","url":"https://movie-phinf.pstatic.net/20180601_119/1527833071053vMOoY_JPEG/movie_image.jpg?type=f67"},
{"순위":307,"영화명":"스타워즈: 라이즈 오브 스카이워커","감독":"J.J. 에이브럼스","개봉일":"2020-01-08","영화형태":"장편","국적":"미국","매출액":"4,704,810,210","관객수":"507.267","장르":"액션","등급":"12세이상관람가","url":"https://movie-phinf.pstatic.net/20200108_148/1578462346140MWVbW_JPEG/movie_image.jpg?type=f67"},
{"순위":308,"영화명":"셰이프 오브 워터: 사랑의 모양","감독":"기예르모 델 토로","개봉일":"2018-02-22","영화형태":"장편","국적":"미국","매출액":"4,210,511,600","관객수":"506.261","장르":"어드벤처","등급":"청소년관람불가","url":"https://movie-phinf.pstatic.net/20180307_227/15203992433853TIaa_JPEG/movie_image.jpg?type=f67"},
{"순위":309,"영화명":"47미터 2","감독":"요하네스 로버츠","개봉일":"2019-08-28","영화형태":"장편","국적":"미국","매출액":"3,846,315,153","관객수":"501.934","장르":"공포(호러)","등급":"15세이상관람가","url":"https://movie-phinf.pstatic.net/20190828_168/1566978748244QCEtz_JPEG/movie_image.jpg?type=f67"},
{"순위":310,"영화명":"그레이트 월","감독":"장예모","개봉일":"2017-02-15","영화형태":"장편","국적":"미국","매출액":"4,352,841,358","관객수":"501.286","장르":"판타지","등급":"12세이상관람가","url":"https://movie-phinf.pstatic.net/20170210_125/1486708641979dq1uz_JPEG/movie_image.jpg?type=f67"},
{"순위":311,"영화명":"스타 이즈 본","감독":"브래들리 쿠퍼","개봉일":"2018-10-09","영화형태":"장편","국적":"미국","매출액":"4,257,580,060","관객수":"490.957","장르":"드라마","등급":"15세이상관람가","url":"https://movie-phinf.pstatic.net/20180912_118/1536714294340kLm2Y_JPEG/movie_image.jpg?type=f67"},
{"순위":312,"영화명":"곰돌이 푸 다시 만나 행복해","감독":"마크 포스터","개봉일":"2018-10-03","영화형태":"장편","국적":"미국","매출액":"4,076,578,860","관객수":"490.307","장르":"어드벤처","등급":"전체관람가","url":"https://movie-phinf.pstatic.net/20181004_77/1538637074180yh287_JPEG/movie_image.jpg?type=f67"},
{"순위":313,"영화명":"카3: 새로운 도전","감독":"브라이언 피","개봉일":"2017-07-13","영화형태":"장편","국적":"미국","매출액":"3,599,544,501","관객수":"487.916","장르":"애니메이션","등급":"전체관람가","url":"https://movie-phinf.pstatic.net/20170619_261/1497861481864m54Xo_JPEG/movie_image.jpg?type=f67"},
{"순위":314,"영화명":"침묵","감독":"정지우","개봉일":"2017-11-02","영화형태":"장편","국적":"한국","매출액":"3,873,542,364","관객수":"487.897","장르":"드라마","등급":"15세이상관람가","url":"https://movie-phinf.pstatic.net/20171102_198/1509590346814JRzwy_JPEG/movie_image.jpg?type=f67"},
{"순위":315,"영화명":"지푸라기라도 잡고 싶은 짐승들","감독":"김용훈","개봉일":"2020-02-19","영화형태":"장편","국적":"한국","매출액":"4,208,674,960","관객수":"486.900","장르":"스릴러","등급":"청소년관람불가","url":"https://movie-phinf.pstatic.net/20200211_156/1581402209718zyQ9B_JPEG/movie_image.jpg?type=f67"},
{"순위":316,"영화명":"해어화","감독":"박흥식","개봉일":"2016-04-13","영화형태":"장편","국적":"한국","매출액":"3,763,852,759","관객수":"485.083","장르":"사극","등급":"15세이상관람가","url":"https://movie-phinf.pstatic.net/20160315_83/1458005336985N5WEE_JPEG/movie_image.jpg?type=f67"},
{"순위":317,"영화명":"애나벨 집으로","감독":"게리 도버먼","개봉일":"2019-06-26","영화형태":"장편","국적":"미국","매출액":"3,993,147,140","관객수":"481.766","장르":"공포(호러)","등급":"15세이상관람가","url":"https://movie-phinf.pstatic.net/20190613_283/1560393273235OGHFz_JPEG/movie_image.jpg?type=f67"},
{"순위":318,"영화명":"계춘할망","감독":"창","개봉일":"2016-05-19","영화형태":"장편","국적":"한국","매출액":"3,589,317,348","관객수":"480.987","장르":"가족","등급":"15세이상관람가","url":"https://movie-phinf.pstatic.net/20160415_82/1460685450026FBwPL_JPEG/movie_image.jpg?type=f67"},
{"순위":319,"영화명":"로봇, 소리","감독":"이호재","개봉일":"2016-01-27","영화형태":"장편","국적":"한국","매출액":"3,519,595,560","관객수":"476.665","장르":"드라마","등급":"12세이상관람가","url":"https://movie-phinf.pstatic.net/20160127_128/14538599037318AGmB_JPEG/movie_image.jpg?type=f67"},
{"순위":320,"영화명":"트리플 엑스 리턴즈","감독":"D.J. 카루소","개봉일":"2017-02-08","영화형태":"장편","국적":"미국","매출액":"3,967,335,095","관객수":"475.309","장르":"액션","등급":"15세이상관람가","url":"https://movie-phinf.pstatic.net/20170208_36/14865215818208kKCw_JPEG/movie_image.jpg?type=f67"},
{"순위":321,"영화명":"변산","감독":"이준익","개봉일":"2018-07-04","영화형태":"장편","국적":"한국","매출액":"3,886,052,473","관객수":"474.137","장르":"드라마","등급":"15세이상관람가","url":"https://movie-phinf.pstatic.net/20180611_288/1528681584312lhsSF_JPEG/movie_image.jpg?type=f67"},
{"순위":322,"영화명":"스타워즈: 깨어난 포스","감독":"J.J. 에이브럼스","개봉일":"2015-12-17","영화형태":"장편","국적":"미국","매출액":"4,204,317,791","관객수":"470.645","장르":"액션","등급":"12세이상관람가","url":"https://movie-phinf.pstatic.net/20151217_88/1450316484956QfUaM_JPEG/movie_image.jpg?type=f67"},
{"순위":323,"영화명":"리얼","감독":"이사랑","개봉일":"2017-06-28","영화형태":"장편","국적":"한국","매출액":"3,357,312,530","관객수":"470.105","장르":"액션","등급":"청소년관람불가","url":"https://movie-phinf.pstatic.net/20171113_223/15105514956074cycR_JPEG/movie_image.jpg?type=f67"},
{"순위":324,"영화명":"글래스","감독":"M. 나이트 샤말란","개봉일":"2019-01-17","영화형태":"장편","국적":"미국","매출액":"4,277,452,982","관객수":"466.475","장르":"드라마","등급":"15세이상관람가","url":"https://movie-phinf.pstatic.net/20181227_126/1545900402100CiQHx_JPEG/movie_image.jpg?type=f67"},
{"순위":325,"영화명":"너의 췌장을 먹고 싶어","감독":"츠키카와 쇼","개봉일":"2017-10-25","영화형태":"장편","국적":"일본","매출액":"3,705,621,800","관객수":"465.495","장르":"드라마","등급":"12세이상관람가","url":"https://movie-phinf.pstatic.net/20181026_40/1540518904460lgFIb_JPEG/movie_image.jpg?type=f67"},
{"순위":326,"영화명":"라이프","감독":"다니엘 에스피노사","개봉일":"2017-04-05","영화형태":"장편","국적":"미국","매출액":"3,786,712,210","관객수":"459.421","장르":"SF","등급":"15세이상관람가","url":"https://movie-phinf.pstatic.net/20170327_19/1490580103101wXaaT_JPEG/movie_image.jpg?type=f67"},
{"순위":327,"영화명":"동네사람들","감독":"임진순","개봉일":"2018-11-07","영화형태":"장편","국적":"한국","매출액":"3,797,676,112","관객수":"459.020","장르":"액션","등급":"15세이상관람가","url":"https://movie-phinf.pstatic.net/20181109_35/15417456367899cdGU_JPEG/movie_image.jpg?type=f67"},
{"순위":328,"영화명":"원더풀 고스트","감독":"조원희","개봉일":"2018-09-26","영화형태":"장편","국적":"한국","매출액":"3,720,931,600","관객수":"450.374","장르":"코미디","등급":"12세이상관람가","url":"https://movie-phinf.pstatic.net/20181005_242/1538714564568GYBzR_JPEG/movie_image.jpg?type=f67"},
{"순위":329,"영화명":"스파이 지니어스","감독":"닉 브루노,트로이 콴","개봉일":"2020-01-22","영화형태":"장편","국적":"미국","매출액":"3,689,131,180","관객수":"449.876","장르":"애니메이션","등급":"전체관람가","url":"https://movie-phinf.pstatic.net/20200120_187/157948230962440pnt_JPEG/movie_image.jpg?type=f67"},
{"순위":330,"영화명":"히든 피겨스","감독":"데오도르 멜피","개봉일":"2017-03-23","영화형태":"장편","국적":"미국","매출액":"3,576,079,033","관객수":"448.923","장르":"드라마","등급":"12세이상관람가","url":"https://movie-phinf.pstatic.net/20170323_41/14902311518230x8pp_JPEG/movie_image.jpg?type=f67"},
{"순위":331,"영화명":"명탐정 코난:진홍의 연가","감독":"시즈노 코분","개봉일":"2017-08-02","영화형태":"장편","국적":"일본","매출액":"3,255,598,200","관객수":"448.381","장르":"애니메이션","등급":"12세이상관람가","url":"https://movie-phinf.pstatic.net/20170802_297/1501653328025Cp0gi_JPEG/movie_image.jpg?type=f67"},
{"순위":332,"영화명":"빅쇼트","감독":"아담 맥케이","개봉일":"2016-01-21","영화형태":"장편","국적":"미국","매출액":"3,622,268,707","관객수":"446.664","장르":"드라마","등급":"청소년관람불가","url":"https://movie-phinf.pstatic.net/20160121_2/14533409853749GqxA_JPEG/movie_image.jpg?type=f67"},
{"순위":333,"영화명":"반드시 잡는다","감독":"김홍선","개봉일":"2017-11-29","영화형태":"장편","국적":"한국","매출액":"3,324,033,772","관객수":"446.379","장르":"스릴러","등급":"15세이상관람가","url":"https://movie-phinf.pstatic.net/20171024_139/1508812701319AUuRe_JPEG/movie_image.jpg?type=f67"},
{"순위":334,"영화명":"헌츠맨: 윈터스 워","감독":"세딕 니콜라스 트로얀","개봉일":"2016-04-13","영화형태":"장편","국적":"미국","매출액":"3,544,262,706","관객수":"445.009","장르":"액션","등급":"12세이상관람가","url":"https://movie-phinf.pstatic.net/20160404_180/1459736588298lka1y_JPEG/movie_image.jpg?type=f67"},
{"순위":335,"영화명":"감쪽같은 그녀","감독":"허인무","개봉일":"2019-12-04","영화형태":"장편","국적":"한국","매출액":"3,377,917,790","관객수":"436.259","장르":"드라마","등급":"전체관람가","url":"https://movie-phinf.pstatic.net/20191204_6/1575435312889pacEU_JPEG/movie_image.jpg?type=f67"},
{"순위":336,"영화명":"원라인","감독":"양경모","개봉일":"2017-03-29","영화형태":"장편","국적":"한국","매출액":"3,310,122,433","관객수":"433.825","장르":"범죄","등급":"15세이상관람가","url":"https://movie-phinf.pstatic.net/20170223_103/1487817429084D0Le6_JPEG/movie_image.jpg?type=f67"},
{"순위":337,"영화명":"그린 북","감독":"피터 패럴리","개봉일":"2019-01-09","영화형태":"장편","국적":"미국","매출액":"3,603,268,560","관객수":"429.733","장르":"드라마","등급":"12세이상관람가","url":"https://movie-phinf.pstatic.net/20190115_228/1547528180168jgEP7_JPEG/movie_image.jpg?type=f67"},
{"순위":338,"영화명":"터닝메카드W: 블랙미러의 부활","감독":"홍헌표,김석원","개봉일":"2017-01-18","영화형태":"장편","국적":"한국","매출액":"3,213,263,000","관객수":"429.569","장르":"애니메이션","등급":"전체관람가","url":"https://movie-phinf.pstatic.net/20161227_258/14828014959002yma4_JPEG/movie_image.jpg?type=f67"},
{"순위":339,"영화명":"장난스런 키스","감독":"프랭키 첸","개봉일":"2019-03-27","영화형태":"장편","국적":"대만","매출액":"3,501,463,050","관객수":"428.009","장르":"멜로/로맨스","등급":"12세이상관람가","url":"https://movie-phinf.pstatic.net/20190305_257/1551749723722A0Gw5_JPEG/movie_image.jpg?type=f67"},
{"순위":340,"영화명":"스머프: 비밀의 숲","감독":"캘리 애스버리","개봉일":"2017-04-28","영화형태":"장편","국적":"미국","매출액":"3,122,661,000","관객수":"427.764","장르":"애니메이션","등급":"전체관람가","url":"https://movie-phinf.pstatic.net/20170428_97/1493358197366gAMdD_JPEG/movie_image.jpg?type=f67"},
{"순위":341,"영화명":"나를 잊지 말아요","감독":"이윤정","개봉일":"2016-01-07","영화형태":"장편","국적":"한국","매출액":"3,398,915,000","관객수":"425.799","장르":"멜로/로맨스","등급":"15세이상관람가","url":"https://movie-phinf.pstatic.net/20180802_208/1533194428122FaRfp_JPEG/movie_image.jpg?type=f67"},
{"순위":342,"영화명":"흥부: 글로 세상을 바꾼 자","감독":"조근현","개봉일":"2018-02-14","영화형태":"장편","국적":"한국","매출액":"3,381,050,200","관객수":"416.303","장르":"사극","등급":"12세이상관람가","url":"https://movie-phinf.pstatic.net/20180123_152/1516695213779eHFwo_JPEG/movie_image.jpg?type=f67"},
{"순위":343,"영화명":"해피 데스데이 2 유","감독":"크리스토퍼 랜던","개봉일":"2019-02-14","영화형태":"장편","국적":"미국","매출액":"3,437,809,200","관객수":"412.850","장르":"공포(호러)","등급":"15세이상관람가","url":"https://movie-phinf.pstatic.net/20190121_116/1548033223659mzXL5_JPEG/movie_image.jpg?type=f67"},
{"순위":344,"영화명":"킹 아서: 제왕의 검","감독":"가이 리치","개봉일":"2017-05-17","영화형태":"장편","국적":"영국","매출액":"3,348,220,655","관객수":"412.843","장르":"판타지","등급":"12세이상관람가","url":"https://movie-phinf.pstatic.net/20170516_52/1494896439782k8PmQ_JPEG/movie_image.jpg?type=f67"},
{"순위":345,"영화명":"극장판 공룡메카드: 타이니소어의 섬","감독":"최신규,유재운","개봉일":"2019-01-10","영화형태":"장편","국적":"한국","매출액":"3,140,214,420","관객수":"410.131","장르":"애니메이션","등급":"전체관람가","url":"https://movie-phinf.pstatic.net/20181210_8/1544404366603phGP3_JPEG/movie_image.jpg?type=f67"},
{"순위":346,"영화명":"러빙 빈센트","감독":"도로타 코비엘라,휴 웰치맨","개봉일":"2017-11-09","영화형태":"장편","국적":"영국","매출액":"3,252,392,261","관객수":"408.322","장르":"애니메이션","등급":"15세이상관람가","url":"https://movie-phinf.pstatic.net/20181206_87/1544080398551iRbue_JPEG/movie_image.jpg?type=f67"},
{"순위":347,"영화명":"넛잡 2","감독":"캘런 브런커","개봉일":"2017-10-03","영화형태":"장편","국적":"한국","매출액":"3,038,945,100","관객수":"407.727","장르":"애니메이션","등급":"전체관람가","url":"https://movie-phinf.pstatic.net/20170919_153/15058085427779TKOE_JPEG/movie_image.jpg?type=f67"},
{"순위":348,"영화명":"나의 소녀시대","감독":"프랭키 첸","개봉일":"2016-05-12","영화형태":"장편","국적":"대만","매출액":"3,292,020,500","관객수":"406.284","장르":"멜로/로맨스","등급":"15세이상관람가","url":"https://movie-phinf.pstatic.net/20160426_169/1461633952240QsFsR_JPEG/movie_image.jpg?type=f67"},
{"순위":349,"영화명":"1917","감독":"샘 멘데스","개봉일":"2020-02-19","영화형태":"장편","국적":"미국","매출액":"3,710,892,340","관객수":"405.629","장르":"드라마","등급":"15세이상관람가","url":"https://ssl.pstatic.net/static/movie/2011/06/poster_default.gif"},
{"순위":350,"영화명":"조선마술사","감독":"김대승","개봉일":"2015-12-30","영화형태":"장편","국적":"한국","매출액":"3,143,566,733","관객수":"403.919","장르":"드라마","등급":"12세이상관람가","url":"https://movie-phinf.pstatic.net/20151203_181/14491082072063iO4x_JPEG/movie_image.jpg?type=f67"},
{"순위":351,"영화명":"아메리칸 메이드","감독":"더그 라이만","개봉일":"2017-09-14","영화형태":"장편","국적":"미국","매출액":"3,175,539,145","관객수":"401.541","장르":"범죄","등급":"15세이상관람가","url":"https://movie-phinf.pstatic.net/20170816_52/1502846957613EgCYw_JPEG/movie_image.jpg?type=f67"},
{"순위":352,"영화명":"버즈 오브 프레이(할리 퀸의 황홀한 해방)","감독":"캐시 얀","개봉일":"2020-02-05","영화형태":"장편","국적":"미국","매출액":"3,542,613,930","관객수":"400.692","장르":"액션","등급":"15세이상관람가","url":"https://movie-phinf.pstatic.net/20200121_188/1579574685635qE9iF_JPEG/movie_image.jpg?type=f67"},
{"순위":353,"영화명":"몬스터 패밀리","감독":"호거 태프","개봉일":"2017-12-21","영화형태":"장편","국적":"독일","매출액":"2,941,183,700","관객수":"397.633","장르":"애니메이션","등급":"전체관람가","url":"https://movie-phinf.pstatic.net/20171128_28/1511848192905Bnga0_JPEG/movie_image.jpg?type=f67"},
{"순위":354,"영화명":"명탐정 코난 : 제로의 집행인","감독":"타치카와 유즈루","개봉일":"2018-08-08","영화형태":"장편","국적":"일본","매출액":"3,007,522,361","관객수":"395.408","장르":"애니메이션","등급":"12세이상관람가","url":"https://movie-phinf.pstatic.net/20181213_228/1544681170682s8SD1_JPEG/movie_image.jpg?type=f67"},
{"순위":355,"영화명":"피터 래빗","감독":"윌 글럭","개봉일":"2018-05-16","영화형태":"장편","국적":"미국","매출액":"3,006,258,100","관객수":"388.300","장르":"애니메이션","등급":"전체관람가","url":"https://movie-phinf.pstatic.net/20180518_184/1526623828589VITpW_JPEG/movie_image.jpg?type=f67"},
{"순위":356,"영화명":"제미니 맨","감독":"이안","개봉일":"2019-10-09","영화형태":"장편","국적":"미국","매출액":"3,295,969,230","관객수":"387.342","장르":"액션","등급":"12세이상관람가","url":"https://movie-phinf.pstatic.net/20190905_247/1567649984099gy6L7_JPEG/movie_image.jpg?type=f67"},
{"순위":357,"영화명":"언더 워터","감독":"자움 콜렛 세라","개봉일":"2016-07-13","영화형태":"장편","국적":"미국","매출액":"3,111,772,391","관객수":"384.789","장르":"공포(호러)","등급":"15세이상관람가","url":"https://movie-phinf.pstatic.net/20191011_258/1570758393663PWzAG_JPEG/movie_image.jpg?type=f67"},
{"순위":358,"영화명":"보통사람","감독":"김봉한","개봉일":"2017-03-23","영화형태":"장편","국적":"한국","매출액":"2,956,397,623","관객수":"383.336","장르":"드라마","등급":"15세이상관람가","url":"https://movie-phinf.pstatic.net/20170228_155/1488245330101ewBDc_JPEG/movie_image.jpg?type=f67"},
{"순위":359,"영화명":"대장 김창수","감독":"이원태","개봉일":"2017-10-19","영화형태":"장편","국적":"한국","매출액":"2,871,905,115","관객수":"380.581","장르":"드라마","등급":"12세이상관람가","url":"https://movie-phinf.pstatic.net/20171020_9/1508490515565ciXbi_JPEG/movie_image.jpg?type=f67"},
{"순위":360,"영화명":"눈의 여왕 3: 눈과 불의 마법대결","감독":"알렉세이 트시칠린","개봉일":"2017-01-04","영화형태":"장편","국적":"러시아","매출액":"2,694,247,700","관객수":"366.442","장르":"애니메이션","등급":"전체관람가","url":"https://movie-phinf.pstatic.net/20161220_74/1482198586385dvH1r_JPEG/movie_image.jpg?type=f67"},
{"순위":361,"영화명":"고질라: 킹 오브 몬스터","감독":"마이클 도허티","개봉일":"2019-05-29","영화형태":"장편","국적":"미국","매출액":"3,085,036,318","관객수":"359.041","장르":"액션","등급":"12세이상관람가","url":"https://movie-phinf.pstatic.net/20190522_101/1558513130586yABHk_JPEG/movie_image.jpg?type=f67"},
{"순위":362,"영화명":"클로버필드 10번지","감독":"댄 트라첸버그","개봉일":"2016-04-07","영화형태":"장편","국적":"미국","매출액":"2,922,834,655","관객수":"356.976","장르":"미스터리","등급":"15세이상관람가","url":"https://movie-phinf.pstatic.net/20160328_230/14591404816073Q5mz_JPEG/movie_image.jpg?type=f67"},
{"순위":363,"영화명":"어쌔신 크리드","감독":"저스틴 커젤","개봉일":"2017-01-11","영화형태":"장편","국적":"미국","매출액":"2,899,784,921","관객수":"355.913","장르":"액션","등급":"15세이상관람가","url":"https://movie-phinf.pstatic.net/20161223_257/1482480258147oLc6p_JPEG/movie_image.jpg?type=f67"},
{"순위":364,"영화명":"플립","감독":"롭 라이너","개봉일":"2017-07-12","영화형태":"장편","국적":"미국","매출액":"2,818,791,900","관객수":"354.601","장르":"드라마","등급":"12세이상관람가","url":"https://movie-phinf.pstatic.net/20160127_257/1453875820215gWXrS_JPEG/movie_image.jpg?type=f67"},
{"순위":365,"영화명":"극장판 짱구는 못말려: 아뵤! 쿵후 보이즈 ~라면 대란~","감독":"타카하시 와타루","개봉일":"2018-12-19","영화형태":"장편","국적":"일본","매출액":"2,735,399,650","관객수":"353.012","장르":"애니메이션","등급":"전체관람가","url":"https://movie-phinf.pstatic.net/20181207_248/1544159891384q2EC6_JPEG/movie_image.jpg?type=f67"},
{"순위":366,"영화명":"석조저택 살인사건","감독":"정식,김휘","개봉일":"2017-05-09","영화형태":"장편","국적":"한국","매출액":"2,815,742,886","관객수":"351.830","장르":"스릴러","등급":"15세이상관람가","url":"https://movie-phinf.pstatic.net/20170417_186/149240333802514kQW_JPEG/movie_image.jpg?type=f67"},
{"순위":367,"영화명":"싱글라이더","감독":"이주영","개봉일":"2017-02-22","영화형태":"장편","국적":"한국","매출액":"2,685,519,021","관객수":"351.276","장르":"드라마","등급":"15세이상관람가","url":"https://movie-phinf.pstatic.net/20170223_77/1487828550952mDECT_JPEG/movie_image.jpg?type=f67"},
{"순위":368,"영화명":"7호실","감독":"이용승","개봉일":"2017-11-15","영화형태":"장편","국적":"한국","매출액":"2,677,284,639","관객수":"347.790","장르":"코미디","등급":"15세이상관람가","url":"https://movie-phinf.pstatic.net/20171020_224/1508462433347lQgeW_JPEG/movie_image.jpg?type=f67"},
{"순위":369,"영화명":"덤보","감독":"팀 버튼","개봉일":"2019-03-27","영화형태":"장편","국적":"미국","매출액":"2,775,096,512","관객수":"345.521","장르":"가족","등급":"전체관람가","url":"https://movie-phinf.pstatic.net/20190328_112/1553762886182QHDpG_JPEG/movie_image.jpg?type=f67"},
{"순위":370,"영화명":"러브 유어셀프 인 서울","감독":"","개봉일":"2019-01-26","영화형태":"장편","국적":"한국","매출액":"3,209,682,900","관객수":"342.366","장르":"공연","등급":"전체관람가","url":"https://movie-phinf.pstatic.net/20181214_60/15447506226141Uiod_JPEG/movie_image.jpg?type=f67"},
{"순위":371,"영화명":"허스토리","감독":"민규동","개봉일":"2018-06-27","영화형태":"장편","국적":"한국","매출액":"2,521,025,949","관객수":"336.822","장르":"드라마","등급":"12세이상관람가","url":"https://movie-phinf.pstatic.net/20180618_223/1529289387860nUBT1_JPEG/movie_image.jpg?type=f67"},
{"순위":372,"영화명":"브링 더 소울 : 더 무비","감독":"박준수","개봉일":"2019-08-07","영화형태":"장편","국적":"한국","매출액":"2,902,500,310","관객수":"336.074","장르":"기타","등급":"전체관람가","url":"https://movie-phinf.pstatic.net/20190628_71/1561688167127JBaHS_JPEG/movie_image.jpg?type=f67"},
{"순위":373,"영화명":"패딩턴 2","감독":"폴 킹","개봉일":"2018-02-08","영화형태":"장편","국적":"프랑스","매출액":"2,527,056,200","관객수":"335.906","장르":"코미디","등급":"전체관람가","url":"https://movie-phinf.pstatic.net/20180122_264/1516602139714eoxVR_JPEG/movie_image.jpg?type=f67"},
{"순위":374,"영화명":"내 사랑","감독":"에이슬링 월쉬","개봉일":"2017-07-12","영화형태":"장편","국적":"아일랜드","매출액":"2,442,554,625","관객수":"334.423","장르":"드라마","등급":"12세이상관람가","url":"https://movie-phinf.pstatic.net/20170623_154/1498200552664BBuB4_JPEG/movie_image.jpg?type=f67"},
{"순위":375,"영화명":"극장판 짱구는 못말려 : 습격!! 외계인 덩덩이","감독":"하시모토 마사카즈","개봉일":"2017-07-20","영화형태":"장편","국적":"일본","매출액":"2,417,712,700","관객수":"333.082","장르":"애니메이션","등급":"전체관람가","url":"https://movie-phinf.pstatic.net/20170628_184/1498637728250BhI66_JPEG/movie_image.jpg?type=f67"},
{"순위":376,"영화명":"위자: 저주의 시작","감독":"마이크 플래너건","개봉일":"2016-11-09","영화형태":"장편","국적":"미국","매출액":"2,637,517,406","관객수":"331.877","장르":"공포(호러)","등급":"12세이상관람가","url":"https://movie-phinf.pstatic.net/20161031_300/14778768282600rHU5_JPEG/movie_image.jpg?type=f67"},
{"순위":377,"영화명":"극장판 요괴워치: 염라대왕과 5개의 이야기다냥!","감독":"타카하시 시게하루","개봉일":"2016-07-20","영화형태":"장편","국적":"일본","매출액":"2,466,913,080","관객수":"330.665","장르":"애니메이션","등급":"전체관람가","url":"https://movie-phinf.pstatic.net/20160707_249/1467876040766zwvpf_JPEG/movie_image.jpg?type=f67"},
{"순위":378,"영화명":"미드나잇 선","감독":"스콧 스피어","개봉일":"2018-06-21","영화형태":"장편","국적":"미국","매출액":"2,679,300,500","관객수":"326.086","장르":"멜로/로맨스","등급":"12세이상관람가","url":"https://movie-phinf.pstatic.net/20180529_190/15275599752664JquA_JPEG/movie_image.jpg?type=f67"},
{"순위":379,"영화명":"사랑하기 때문에","감독":"주지홍","개봉일":"2017-01-04","영화형태":"장편","국적":"한국","매출액":"2,538,169,440","관객수":"324.420","장르":"코미디","등급":"12세이상관람가","url":"https://movie-phinf.pstatic.net/20170104_177/1483511463785599vQ_JPEG/movie_image.jpg?type=f67"},
{"순위":380,"영화명":"희생부활자","감독":"곽경택","개봉일":"2017-10-12","영화형태":"장편","국적":"한국","매출액":"2,515,479,835","관객수":"323.628","장르":"미스터리","등급":"15세이상관람가","url":"https://movie-phinf.pstatic.net/20170925_211/1506305961212SYWl2_JPEG/movie_image.jpg?type=f67"},
{"순위":381,"영화명":"헬보이","감독":"닐 마샬","개봉일":"2019-04-10","영화형태":"장편","국적":"미국","매출액":"2,776,406,321","관객수":"323.098","장르":"액션","등급":"청소년관람불가","url":"https://movie-phinf.pstatic.net/20190307_30/1551923668549VgA1X_JPEG/movie_image.jpg?type=f67"},
{"순위":382,"영화명":"아담스 패밀리","감독":"그렉 티어넌,콘래드 베논","개봉일":"2019-11-07","영화형태":"장편","국적":"미국","매출액":"2,565,386,140","관객수":"321.726","장르":"애니메이션","등급":"전체관람가","url":"https://movie-phinf.pstatic.net/20111221_113/1324452221244Uyz4X_JPEG/movie_image.jpg?type=f67"},
{"순위":383,"영화명":"옥자","감독":"봉준호","개봉일":"2017-06-29","영화형태":"장편","국적":"미국","매출액":"2,432,883,900","관객수":"321.550","장르":"어드벤처","등급":"12세이상관람가","url":"https://movie-phinf.pstatic.net/20170904_126/1504516484057JACUa_JPEG/movie_image.jpg?type=f67"},
{"순위":384,"영화명":"블레이드 러너 2049","감독":"드니 빌뇌브","개봉일":"2017-10-12","영화형태":"장편","국적":"미국","매출액":"2,760,845,365","관객수":"321.018","장르":"SF","등급":"15세이상관람가","url":"https://movie-phinf.pstatic.net/20170925_246/1506307175130N35Jq_JPEG/movie_image.jpg?type=f67"},
{"순위":385,"영화명":"아기배달부 스토크","감독":"니콜라스 스톨러,더그 스윗랜드","개봉일":"2016-12-07","영화형태":"장편","국적":"미국","매출액":"2,415,830,200","관객수":"320.353","장르":"애니메이션","등급":"전체관람가","url":"https://movie-phinf.pstatic.net/20161128_94/1480301274972lzE29_JPEG/movie_image.jpg?type=f67"},
{"순위":386,"영화명":"빅풋 주니어","감독":"제레미 드그루손,벤 스타센","개봉일":"2017-08-09","영화형태":"장편","국적":"벨기에","매출액":"2,245,548,900","관객수":"318.737","장르":"애니메이션","등급":"전체관람가","url":"https://movie-phinf.pstatic.net/20170704_207/1499134571489PaYrj_JPEG/movie_image.jpg?type=f67"},
{"순위":387,"영화명":"캐롤","감독":"토드 헤인즈","개봉일":"2016-02-04","영화형태":"장편","국적":"미국","매출액":"2,608,608,616","관객수":"315.321","장르":"드라마","등급":"청소년관람불가","url":"https://movie-phinf.pstatic.net/20160118_158/1453081907000rvGhn_JPEG/movie_image.jpg?type=f67"},
{"순위":388,"영화명":"번 더 스테이지: 더 무비","감독":"박준수","개봉일":"2018-11-15","영화형태":"장편","국적":"한국","매출액":"2,671,391,900","관객수":"315.010","장르":"기타","등급":"전체관람가","url":"https://movie-phinf.pstatic.net/20181109_286/1541743345207CtoXg_JPEG/movie_image.jpg?type=f67"},
{"순위":389,"영화명":"트루스 오어 데어","감독":"제프 와드로","개봉일":"2018-05-22","영화형태":"장편","국적":"미국","매출액":"2,647,330,400","관객수":"310.956","장르":"공포(호러)","등급":"15세이상관람가","url":"https://movie-phinf.pstatic.net/20180503_37/1525332298689zgK17_JPEG/movie_image.jpg?type=f67"},
{"순위":390,"영화명":"위대한 소원","감독":"남대중","개봉일":"2016-04-21","영화형태":"장편","국적":"한국","매출액":"2,438,260,213","관객수":"308.180","장르":"코미디","등급":"15세이상관람가","url":"https://movie-phinf.pstatic.net/20160420_34/1461114077651eudhK_JPEG/movie_image.jpg?type=f67"},
{"순위":391,"영화명":"덕구","감독":"방수인","개봉일":"2018-04-05","영화형태":"장편","국적":"한국","매출액":"2,320,819,700","관객수":"306.126","장르":"드라마","등급":"전체관람가","url":"https://movie-phinf.pstatic.net/20180312_10/1520835949152TqOUm_JPEG/movie_image.jpg?type=f67"},
{"순위":392,"영화명":"예스터데이","감독":"대니 보일","개봉일":"2019-09-18","영화형태":"장편","국적":"미국","매출액":"2,572,745,100","관객수":"305.504","장르":"드라마","등급":"12세이상관람가","url":"https://movie-phinf.pstatic.net/20150720_194/1437384614893gh3GR_JPEG/movie_image.jpg?type=f67"},
{"순위":393,"영화명":"스포트라이트","감독":"토마스 맥카시","개봉일":"2016-02-24","영화형태":"장편","국적":"미국","매출액":"2,390,611,755","관객수":"297.944","장르":"드라마","등급":"15세이상관람가","url":"https://movie-phinf.pstatic.net/20160303_13/1456966400581eqgp6_JPEG/movie_image.jpg?type=f67"},
{"순위":394,"영화명":"구스범스","감독":"롭 레터맨","개봉일":"2016-01-14","영화형태":"장편","국적":"미국","매출액":"2,221,639,712","관객수":"297.356","장르":"액션","등급":"12세이상관람가","url":"https://movie-phinf.pstatic.net/20181011_31/1539243181778X4C4H_JPEG/movie_image.jpg?type=f67"},
{"순위":395,"영화명":"포인트 브레이크","감독":"에릭슨 코어","개봉일":"2016-01-07","영화형태":"장편","국적":"미국","매출액":"2,323,707,051","관객수":"294.320","장르":"범죄","등급":"15세이상관람가","url":"https://movie-phinf.pstatic.net/20151228_266/1451279739305QFwER_JPEG/movie_image.jpg?type=f67"},
{"순위":396,"영화명":"미성년","감독":"김윤석","개봉일":"2019-04-11","영화형태":"장편","국적":"한국","매출액":"2,493,769,950","관객수":"293.258","장르":"드라마","등급":"15세이상관람가","url":"https://movie-phinf.pstatic.net/20190411_137/1554973943268Tu8fN_JPEG/movie_image.jpg?type=f67"},
{"순위":397,"영화명":"앨빈과 슈퍼밴드: 악동 어드벤처","감독":"월트 벡커","개봉일":"2016-02-04","영화형태":"장편","국적":"미국","매출액":"2,101,036,200","관객수":"289.645","장르":"애니메이션","등급":"전체관람가","url":"https://movie-phinf.pstatic.net/20160105_23/1451957453762NvVv5_JPEG/movie_image.jpg?type=f67"},
{"순위":398,"영화명":"천로역정: 천국을 찾아서","감독":"로버트 페르난데스","개봉일":"2019-06-13","영화형태":"장편","국적":"미국","매출액":"2,146,343,510","관객수":"288.774","장르":"애니메이션","등급":"전체관람가","url":"https://movie-phinf.pstatic.net/20190624_263/1561360740472v2Mfv_JPEG/movie_image.jpg?type=f67"},
{"순위":399,"영화명":"배심원들","감독":"홍승완","개봉일":"2019-05-15","영화형태":"장편","국적":"한국","매출액":"2,303,130,090","관객수":"288.113","장르":"드라마","등급":"12세이상관람가","url":"https://movie-phinf.pstatic.net/20190522_290/1558499692509OJPWt_JPEG/movie_image.jpg?type=f67"},
{"순위":400,"영화명":"혼숨","감독":"이두환","개봉일":"2016-10-26","영화형태":"장편","국적":"한국","매출액":"2,258,422,445","관객수":"288.016","장르":"공포(호러)","등급":"15세이상관람가","url":"https://movie-phinf.pstatic.net/20161024_102/147727438959046lNP_JPEG/movie_image.jpg?type=f67"},
{"순위":401,"영화명":"기방도령","감독":"남대중","개봉일":"2019-07-10","영화형태":"장편","국적":"한국","매출액":"2,327,760,190","관객수":"286.806","장르":"코미디","등급":"15세이상관람가","url":"https://movie-phinf.pstatic.net/20190617_165/15607469302864PYiu_JPEG/movie_image.jpg?type=f67"},
{"순위":402,"영화명":"커뮤터","감독":"자움 콜렛 세라","개봉일":"2018-01-24","영화형태":"장편","국적":"영국","매출액":"2,286,590,955","관객수":"286.042","장르":"액션","등급":"15세이상관람가","url":"https://movie-phinf.pstatic.net/20180322_240/1521698374128Jvr6w_JPEG/movie_image.jpg?type=f67"},
{"순위":403,"영화명":"신데렐라:마법 반지의 비밀","감독":"린 사우더랜드","개봉일":"2019-02-20","영화형태":"장편","국적":"미국","매출액":"2,113,630,240","관객수":"284.755","장르":"애니메이션","등급":"전체관람가","url":"https://movie-phinf.pstatic.net/20190122_170/1548125137403TMFAP_JPEG/movie_image.jpg?type=f67"},
{"순위":404,"영화명":"후드","감독":"오토 바서스트","개봉일":"2018-11-28","영화형태":"장편","국적":"미국","매출액":"2,203,434,149","관객수":"284.601","장르":"어드벤처","등급":"12세이상관람가","url":"https://movie-phinf.pstatic.net/20181031_91/1540952362335FhIxg_JPEG/movie_image.jpg?type=f67"},
{"순위":405,"영화명":"포켓몬 더 무비 XY&Z 「볼케니온 : 기계왕국의 비밀」","감독":"유야마 쿠니히코","개봉일":"2016-12-22","영화형태":"장편","국적":"일본","매출액":"2,147,083,300","관객수":"282.419","장르":"애니메이션","등급":"전체관람가","url":"https://movie-phinf.pstatic.net/20151201_27/1448937466877q3dG0_JPEG/movie_image.jpg?type=f67"},
{"순위":406,"영화명":"극장판 안녕 자두야","감독":"손석우","개봉일":"2016-05-04","영화형태":"장편","국적":"한국","매출액":"2,124,832,300","관객수":"278.914","장르":"애니메이션","등급":"전체관람가","url":"https://movie-phinf.pstatic.net/20160415_219/1460681219330ibnU3_JPEG/movie_image.jpg?type=f67"},
{"순위":407,"영화명":"원스 어폰 어 타임... 인 할리우드","감독":"쿠엔틴 타란티노","개봉일":"2019-09-25","영화형태":"장편","국적":"미국","매출액":"2,269,807,670","관객수":"277.319","장르":"드라마","등급":"청소년관람불가","url":"https://movie-phinf.pstatic.net/20191126_77/1574730867371pYEWz_JPEG/movie_image.jpg?type=f67"},
{"순위":408,"영화명":"존 윅 - 리로드","감독":"채드 스타헬스키","개봉일":"2017-02-22","영화형태":"장편","국적":"미국","매출액":"2,205,582,600","관객수":"276.379","장르":"액션","등급":"청소년관람불가","url":"https://movie-phinf.pstatic.net/20170221_170/1487660350597Fn5yI_JPEG/movie_image.jpg?type=f67"},
{"순위":409,"영화명":"목소리의 형태","감독":"야마다 나오코","개봉일":"2017-05-09","영화형태":"장편","국적":"일본","매출액":"2,141,765,014","관객수":"272.877","장르":"애니메이션","등급":"전체관람가","url":"https://movie-phinf.pstatic.net/20170419_128/1492579106081DlvO1_JPEG/movie_image.jpg?type=f67"},
{"순위":410,"영화명":"바울","감독":"앤드류 하얏트","개봉일":"2018-10-31","영화형태":"장편","국적":"미국","매출액":"2,138,266,900","관객수":"272.749","장르":"드라마","등급":"15세이상관람가","url":"https://movie-phinf.pstatic.net/20181126_296/1543195305541TXc6u_JPEG/movie_image.jpg?type=f67"},
{"순위":411,"영화명":"모털 엔진","감독":"크리스찬 리버스","개봉일":"2018-12-05","영화형태":"장편","국적":"미국","매출액":"2,329,489,119","관객수":"268.921","장르":"액션","등급":"12세이상관람가","url":"https://movie-phinf.pstatic.net/20181121_20/1542781963353ydkIF_JPEG/movie_image.jpg?type=f67"},
{"순위":412,"영화명":"나를 차버린 스파이","감독":"수잔나 포겔","개봉일":"2018-08-22","영화형태":"장편","국적":"미국","매출액":"2,346,742,100","관객수":"264.766","장르":"액션","등급":"15세이상관람가","url":"https://movie-phinf.pstatic.net/20180809_300/1533777494802DpYwf_JPEG/movie_image.jpg?type=f67"},
{"순위":413,"영화명":"악질경찰","감독":"이정범","개봉일":"2019-03-20","영화형태":"장편","국적":"한국","매출액":"2,256,615,278","관객수":"262.233","장르":"범죄","등급":"청소년관람불가","url":"https://movie-phinf.pstatic.net/20190312_100/1552354595583gzgz1_JPEG/movie_image.jpg?type=f67"},
{"순위":414,"영화명":"원더","감독":"스티븐 크보스키","개봉일":"2017-12-27","영화형태":"장편","국적":"미국","매출액":"1,988,444,689","관객수":"260.506","장르":"드라마","등급":"전체관람가","url":"https://movie-phinf.pstatic.net/20171229_112/1514526663263n37r0_JPEG/movie_image.jpg?type=f67"},
{"순위":415,"영화명":"공범자들","감독":"최승호","개봉일":"2017-08-17","영화형태":"장편","국적":"한국","매출액":"2,017,678,800","관객수":"258.478","장르":"다큐멘터리","등급":"15세이상관람가","url":"https://movie-phinf.pstatic.net/20170731_231/15014620888879TqBt_JPEG/movie_image.jpg?type=f67"},
{"순위":416,"영화명":"기묘한 가족","감독":"이민재","개봉일":"2019-02-13","영화형태":"장편","국적":"한국","매출액":"2,062,904,275","관객수":"256.202","장르":"코미디","등급":"12세이상관람가","url":"https://movie-phinf.pstatic.net/20190213_142/1550020349326Pk2m3_JPEG/movie_image.jpg?type=f67"},
{"순위":417,"영화명":"비밀은 없다","감독":"이경미","개봉일":"2016-06-23","영화형태":"장편","국적":"한국","매출액":"2,027,801,239","관객수":"250.650","장르":"스릴러","등급":"청소년관람불가","url":"https://movie-phinf.pstatic.net/20160615_115/1465955073814y4eHA_JPEG/movie_image.jpg?type=f67"},
{"순위":418,"영화명":"라스트 크리스마스","감독":"폴 페이그","개봉일":"2019-12-05","영화형태":"장편","국적":"미국","매출액":"2,055,043,430","관객수":"249.380","장르":"코미디","등급":"12세이상관람가","url":"https://movie-phinf.pstatic.net/20191105_139/1572919493877EhG44_JPEG/movie_image.jpg?type=f67"},
{"순위":419,"영화명":"명탐정 코난:감벽의 관","감독":"야마모토 야스이치로","개봉일":"2018-02-14","영화형태":"장편","국적":"일본","매출액":"1,800,316,000","관객수":"242.164","장르":"애니메이션","등급":"12세이상관람가","url":"https://movie-phinf.pstatic.net/20180207_8/1517979409565quQS5_JPEG/movie_image.jpg?type=f67"},
{"순위":420,"영화명":"아이 필 프리티","감독":"아비 콘","개봉일":"2018-06-06","영화형태":"장편","국적":"미국","매출액":"2,125,902,300","관객수":"240.148","장르":"코미디","등급":"15세이상관람가","url":"https://movie-phinf.pstatic.net/20180601_276/1527835091787c3BdN_JPEG/movie_image.jpg?type=f67"},
{"순위":421,"영화명":"미옥","감독":"이안규","개봉일":"2017-11-09","영화형태":"장편","국적":"한국","매출액":"1,897,705,564","관객수":"238.587","장르":"범죄","등급":"청소년관람불가","url":"https://movie-phinf.pstatic.net/20171109_234/1510190908090cpY8y_JPEG/movie_image.jpg?type=f67"},
{"순위":422,"영화명":"닌자터틀 : 어둠의 히어로","감독":"데이브 그린","개봉일":"2016-06-16","영화형태":"장편","국적":"미국","매출액":"1,934,052,000","관객수":"235.207","장르":"액션","등급":"12세이상관람가","url":"https://movie-phinf.pstatic.net/20160601_277/1464757694807DJiLo_JPEG/movie_image.jpg?type=f67"},
{"순위":423,"영화명":"드림 쏭","감독":"애쉬 브래넌","개봉일":"2016-09-14","영화형태":"장편","국적":"미국","매출액":"1,817,437,700","관객수":"233.283","장르":"애니메이션","등급":"전체관람가","url":"https://movie-phinf.pstatic.net/20160809_188/14707191483944lT0C_JPEG/movie_image.jpg?type=f67"},
{"순위":424,"영화명":"어느날","감독":"이윤기","개봉일":"2017-04-05","영화형태":"장편","국적":"한국","매출액":"1,827,370,582","관객수":"232.016","장르":"멜로/로맨스","등급":"15세이상관람가","url":"https://movie-phinf.pstatic.net/20170317_251/1489740465672uWKkN_JPEG/movie_image.jpg?type=f67"},
{"순위":425,"영화명":"시카리오: 데이 오브 솔다도","감독":"스테파노 솔리마","개봉일":"2018-06-27","영화형태":"장편","국적":"미국","매출액":"1,938,637,400","관객수":"229.542","장르":"액션","등급":"15세이상관람가","url":"https://movie-phinf.pstatic.net/20180604_50/1528074884302BdLlf_JPEG/movie_image.jpg?type=f67"},
{"순위":426,"영화명":"순정","감독":"이은희","개봉일":"2016-02-24","영화형태":"장편","국적":"한국","매출액":"1,643,792,033","관객수":"229.059","장르":"드라마","등급":"12세이상관람가","url":"https://movie-phinf.pstatic.net/20160216_23/1455609762027BQjru_JPEG/movie_image.jpg?type=f67"},
{"순위":427,"영화명":"치즈인더트랩","감독":"김제영","개봉일":"2018-03-14","영화형태":"장편","국적":"한국","매출액":"1,890,873,700","관객수":"229.005","장르":"멜로/로맨스","등급":"15세이상관람가","url":"https://movie-phinf.pstatic.net/20180320_290/1521509010545wpc05_JPEG/movie_image.jpg?type=f67"},
{"순위":428,"영화명":"딥","감독":"줄리오 소토 거피드","개봉일":"2017-10-03","영화형태":"장편","국적":"스페인","매출액":"1,746,940,500","관객수":"226.933","장르":"애니메이션","등급":"전체관람가","url":"https://movie-phinf.pstatic.net/20180809_31/1533790713049Njc61_JPEG/movie_image.jpg?type=f67"},
{"순위":429,"영화명":"메리 포핀스 리턴즈","감독":"롭 마샬","개봉일":"2019-02-14","영화형태":"장편","국적":"미국","매출액":"1,816,281,960","관객수":"224.160","장르":"판타지","등급":"전체관람가","url":"https://movie-phinf.pstatic.net/20190114_278/1547430628262QsUaV_JPEG/movie_image.jpg?type=f67"},
{"순위":430,"영화명":"12 솔져스","감독":"니콜라이 퓰시","개봉일":"2018-01-31","영화형태":"장편","국적":"미국","매출액":"1,833,626,400","관객수":"223.740","장르":"액션","등급":"15세이상관람가","url":"https://movie-phinf.pstatic.net/20180409_274/1523251123010pBDci_JPEG/movie_image.jpg?type=f67"},
{"순위":431,"영화명":"명탐정 코난: 감청의 권","감독":"나가오카 치카","개봉일":"2019-07-24","영화형태":"장편","국적":"일본","매출액":"1,740,310,530","관객수":"219.078","장르":"애니메이션","등급":"12세이상관람가","url":"https://movie-phinf.pstatic.net/20190626_238/1561537910259KvwIR_JPEG/movie_image.jpg?type=f67"},
{"순위":432,"영화명":"1급기밀","감독":"홍기선","개봉일":"2018-01-24","영화형태":"장편","국적":"한국","매출액":"1,720,083,300","관객수":"217.803","장르":"드라마","등급":"12세이상관람가","url":"https://movie-phinf.pstatic.net/20171229_122/1514509440369GnxtO_JPEG/movie_image.jpg?type=f67"},
{"순위":433,"영화명":"50가지 그림자: 해방","감독":"제임스 폴리","개봉일":"2018-02-21","영화형태":"장편","국적":"미국","매출액":"1,866,384,500","관객수":"217.785","장르":"드라마","등급":"청소년관람불가","url":"https://movie-phinf.pstatic.net/20180124_241/1516758205071pAVDQ_JPEG/movie_image.jpg?type=f67"},
{"순위":434,"영화명":"속닥속닥","감독":"최상훈","개봉일":"2018-07-13","영화형태":"장편","국적":"한국","매출액":"1,900,914,300","관객수":"217.444","장르":"공포(호러)","등급":"15세이상관람가","url":"https://movie-phinf.pstatic.net/20180629_212/1530238766406QjNNY_JPEG/movie_image.jpg?type=f67"},
{"순위":435,"영화명":"원피스 필름 골드","감독":"미야모토 히로아키","개봉일":"2016-12-08","영화형태":"장편","국적":"일본","매출액":"1,707,251,100","관객수":"216.861","장르":"애니메이션","등급":"12세이상관람가","url":"https://movie-phinf.pstatic.net/20161115_242/1479176476136eUMhd_JPEG/movie_image.jpg?type=f67"},
{"순위":436,"영화명":"루돌프와 많이있어","감독":"유야마 쿠니히코,사카키바라 모토노리","개봉일":"2016-12-28","영화형태":"장편","국적":"일본","매출액":"1,627,646,800","관객수":"215.993","장르":"애니메이션","등급":"전체관람가","url":"https://movie-phinf.pstatic.net/20161130_93/1480494792922pxVHU_JPEG/movie_image.jpg?type=f67"},
{"순위":437,"영화명":"극장판 요괴워치: 하늘을 나는 고래와 더블세계다냥!","감독":"우시로 신지,요코이 타케시","개봉일":"2017-09-27","영화형태":"장편","국적":"일본","매출액":"1,581,375,300","관객수":"215.203","장르":"애니메이션","등급":"전체관람가","url":"https://movie-phinf.pstatic.net/20170830_143/1504073279916tr9My_JPEG/movie_image.jpg?type=f67"},
{"순위":438,"영화명":"벽 속에 숨은 마법시계","감독":"일라이 로스","개봉일":"2018-10-31","영화형태":"장편","국적":"미국","매출액":"1,654,715,300","관객수":"215.029","장르":"판타지","등급":"전체관람가","url":"https://movie-phinf.pstatic.net/20181001_122/153836420654806YHX_JPEG/movie_image.jpg?type=f67"},
{"순위":439,"영화명":"허리케인 하이스트","감독":"롭 코헨","개봉일":"2018-03-14","영화형태":"장편","국적":"미국","매출액":"1,730,262,848","관객수":"214.949","장르":"액션","등급":"15세이상관람가","url":"https://movie-phinf.pstatic.net/20180307_264/15203849182541JYSQ_JPEG/movie_image.jpg?type=f67"},
{"순위":440,"영화명":"독수리 에디","감독":"덱스터 플레처","개봉일":"2016-04-07","영화형태":"장편","국적":"미국","매출액":"1,699,642,120","관객수":"214.003","장르":"드라마","등급":"12세이상관람가","url":"https://movie-phinf.pstatic.net/20160407_239/1460008906747plHkM_JPEG/movie_image.jpg?type=f67"},
{"순위":441,"영화명":"한 솔로: 스타워즈 스토리","감독":"론 하워드","개봉일":"2018-05-24","영화형태":"장편","국적":"미국","매출액":"1,964,276,778","관객수":"213.980","장르":"액션","등급":"12세이상관람가","url":"https://movie-phinf.pstatic.net/20180502_152/1525236795343DwkFq_JPEG/movie_image.jpg?type=f67"},
{"순위":442,"영화명":"아이 엠 어 히어로","감독":"사토 신스케","개봉일":"2016-09-21","영화형태":"장편","국적":"일본","매출액":"1,806,714,900","관객수":"212.599","장르":"액션","등급":"청소년관람불가","url":"https://movie-phinf.pstatic.net/20160919_258/1474248638243xxuOS_JPEG/movie_image.jpg?type=f67"},
{"순위":443,"영화명":"커런트 워","감독":"알폰소 고메즈-레존","개봉일":"2019-08-22","영화형태":"장편","국적":"미국","매출액":"1,817,540,600","관객수":"210.945","장르":"드라마","등급":"12세이상관람가","url":"https://movie-phinf.pstatic.net/20190726_271/1564103583891DUheV_JPEG/movie_image.jpg?type=f67"},
{"순위":444,"영화명":"눈의 여왕4","감독":"로버트 렌스,알렉세이 트시칠린","개봉일":"2019-12-24","영화형태":"장편","국적":"러시아","매출액":"1,470,304,580","관객수":"209.120","장르":"애니메이션","등급":"전체관람가","url":"https://movie-phinf.pstatic.net/20191224_156/1577154877209aBEKe_JPEG/movie_image.jpg?type=f67"},
{"순위":445,"영화명":"남과 여","감독":"이윤기","개봉일":"2016-02-25","영화형태":"장편","국적":"한국","매출액":"1,651,122,533","관객수":"203.775","장르":"멜로/로맨스","등급":"청소년관람불가","url":"https://movie-phinf.pstatic.net/20160215_163/1455527110149mO3mt_JPEG/movie_image.jpg?type=f67"},
{"순위":446,"영화명":"프린스 코기","감독":"벤 스타센","개봉일":"2019-12-24","영화형태":"장편","국적":"벨기에","매출액":"1,525,167,980","관객수":"203.775","장르":"애니메이션","등급":"전체관람가","url":"https://movie-phinf.pstatic.net/20191121_174/1574299588084hDheB_JPEG/movie_image.jpg?type=f67"},
{"순위":447,"영화명":"어쌔신: 더 비기닝","감독":"마이클 쿠에스타","개봉일":"2017-12-07","영화형태":"장편","국적":"미국","매출액":"1,576,721,000","관객수":"203.221","장르":"액션","등급":"15세이상관람가","url":"https://movie-phinf.pstatic.net/20171124_136/1511489041643z4hjC_JPEG/movie_image.jpg?type=f67"},
{"순위":448,"영화명":"요로나의 저주","감독":"마이클 차베즈","개봉일":"2019-04-17","영화형태":"장편","국적":"미국","매출액":"1,784,935,221","관객수":"202.756","장르":"공포(호러)","등급":"15세이상관람가","url":"https://movie-phinf.pstatic.net/20190403_179/1554273944526iPln5_JPEG/movie_image.jpg?type=f67"},
{"순위":449,"영화명":"짱구는 못말려 극장판: 나의 이사 이야기 선인장 대습격","감독":"하시모토 마사카즈","개봉일":"2016-01-07","영화형태":"장편","국적":"일본","매출액":"1,472,866,700","관객수":"202.538","장르":"애니메이션","등급":"전체관람가","url":"https://movie-phinf.pstatic.net/20151222_10/1450748403344L8Ou4_JPEG/movie_image.jpg?type=f67"},
{"순위":450,"영화명":"비스트","감독":"이정호","개봉일":"2019-06-26","영화형태":"장편","국적":"한국","매출액":"1,596,148,590","관객수":"202.007","장르":"범죄","등급":"15세이상관람가","url":"https://movie-phinf.pstatic.net/20190614_152/1560490156646QUAnI_JPEG/movie_image.jpg?type=f67"},
{"순위":451,"영화명":"발레리나","감독":"에릭 섬머,에릭 와린","개봉일":"2017-02-09","영화형태":"장편","국적":"프랑스","매출액":"1,509,668,400","관객수":"201.365","장르":"애니메이션","등급":"전체관람가","url":"https://movie-phinf.pstatic.net/20180528_134/1527492545350kgbJ8_JPEG/movie_image.jpg?type=f67"},
{"순위":452,"영화명":"안녕, 티라노: 영원히, 함께","감독":"시즈노 코분","개봉일":"2019-08-14","영화형태":"장편","국적":"한국","매출액":"1,553,219,230","관객수":"199.240","장르":"애니메이션","등급":"전체관람가","url":"https://movie-phinf.pstatic.net/20190722_146/15637583080686ygVl_JPEG/movie_image.jpg?type=f67"},
{"순위":453,"영화명":"콜 미 바이 유어 네임","감독":"루카 구아다니노","개봉일":"2018-03-22","영화형태":"장편","국적":"이탈리아","매출액":"1,657,199,988","관객수":"198.229","장르":"드라마","등급":"청소년관람불가","url":"https://movie-phinf.pstatic.net/20180322_215/1521686135764mYK08_JPEG/movie_image.jpg?type=f67"},
{"순위":454,"영화명":"어린 의뢰인","감독":"장규성","개봉일":"2019-05-22","영화형태":"장편","국적":"한국","매출액":"1,631,919,600","관객수":"198.211","장르":"드라마","등급":"12세이상관람가","url":"https://movie-phinf.pstatic.net/20190515_46/1557882912961juo5g_JPEG/movie_image.jpg?type=f67"},
{"순위":455,"영화명":"언니","감독":"임경택","개봉일":"2019-01-01","영화형태":"장편","국적":"한국","매출액":"1,746,373,250","관객수":"197.134","장르":"액션","등급":"청소년관람불가","url":"https://movie-phinf.pstatic.net/20181231_89/1546223246597LMiMi_JPEG/movie_image.jpg?type=f67"},
{"순위":456,"영화명":"극장판 포켓몬스터 모두의 이야기","감독":"야지마 테츠오","개봉일":"2018-12-19","영화형태":"장편","국적":"일본","매출액":"1,523,609,950","관객수":"194.692","장르":"애니메이션","등급":"전체관람가","url":"https://movie-phinf.pstatic.net/20181204_259/15438888834953FzA5_JPEG/movie_image.jpg?type=f67"},
{"순위":457,"영화명":"무현, 두 도시 이야기","감독":"전인환","개봉일":"2016-10-26","영화형태":"장편","국적":"한국","매출액":"1,517,735,100","관객수":"193.578","장르":"다큐멘터리","등급":"15세이상관람가","url":"https://movie-phinf.pstatic.net/20170814_17/1502675963099mSfot_JPEG/movie_image.jpg?type=f67"},
{"순위":458,"영화명":"언더독","감독":"오성윤,이춘백","개봉일":"2019-01-16","영화형태":"장편","국적":"한국","매출액":"1,485,934,830","관객수":"193.484","장르":"애니메이션","등급":"전체관람가","url":"https://movie-phinf.pstatic.net/20181224_250/1545613244716iYHTg_JPEG/movie_image.jpg?type=f67"},
{"순위":459,"영화명":"나미야 잡화점의 기적","감독":"히로키 류이치","개봉일":"2018-02-28","영화형태":"장편","국적":"일본","매출액":"1,455,461,885","관객수":"191.880","장르":"판타지","등급":"전체관람가","url":"https://movie-phinf.pstatic.net/20180306_240/1520323527034cryNh_JPEG/movie_image.jpg?type=f67"},
{"순위":460,"영화명":"업그레이드","감독":"리 워넬","개봉일":"2018-09-06","영화형태":"장편","국적":"미국","매출액":"1,740,245,800","관객수":"189.948","장르":"액션","등급":"15세이상관람가","url":"https://movie-phinf.pstatic.net/20180831_90/1535692010916AVOpv_JPEG/movie_image.jpg?type=f67"},
{"순위":461,"영화명":"50가지 그림자: 심연","감독":"제임스 폴리","개봉일":"2017-02-09","영화형태":"장편","국적":"미국","매출액":"1,589,180,900","관객수":"189.620","장르":"드라마","등급":"청소년관람불가","url":"https://movie-phinf.pstatic.net/20170209_186/1486602690791shLj1_JPEG/movie_image.jpg?type=f67"},
{"순위":462,"영화명":"글로리데이","감독":"최정열","개봉일":"2016-03-24","영화형태":"장편","국적":"한국","매출액":"1,484,010,868","관객수":"189.047","장르":"드라마","등급":"15세이상관람가","url":"https://movie-phinf.pstatic.net/20160226_176/1456452020335pBOPh_JPEG/movie_image.jpg?type=f67"},
{"순위":463,"영화명":"앵그리 버드 2: 독수리 왕국의 침공","감독":"서럽 밴 오먼","개봉일":"2019-08-07","영화형태":"장편","국적":"미국","매출액":"1,432,145,073","관객수":"188.365","장르":"애니메이션","등급":"전체관람가","url":"https://movie-phinf.pstatic.net/20190801_34/1564649476625vBbh8_JPEG/movie_image.jpg?type=f67"},
{"순위":464,"영화명":"런닝맨 : 풀룰루의 역습","감독":"윤준상","개봉일":"2018-12-05","영화형태":"장편","국적":"한국","매출액":"1,414,494,750","관객수":"186.324","장르":"애니메이션","등급":"전체관람가","url":"https://movie-phinf.pstatic.net/20181205_98/1543990964473PgUYG_JPEG/movie_image.jpg?type=f67"},
{"순위":465,"영화명":"롱 샷","감독":"조나단 레빈","개봉일":"2019-07-24","영화형태":"장편","국적":"미국","매출액":"1,622,789,797","관객수":"184.796","장르":"코미디","등급":"15세이상관람가","url":"https://movie-phinf.pstatic.net/20111222_138/1324515742601VTpxO_JPEG/movie_image.jpg?type=f67"},
{"순위":466,"영화명":"우상","감독":"이수진","개봉일":"2019-03-20","영화형태":"장편","국적":"한국","매출액":"1,581,839,728","관객수":"183.784","장르":"스릴러","등급":"15세이상관람가","url":"https://movie-phinf.pstatic.net/20190306_44/1551851285506NYfPC_JPEG/movie_image.jpg?type=f67"},
{"순위":467,"영화명":"극장판 포켓몬스터DP - 디아루가 VS 펄기아 VS 다크라이","감독":"유야마 쿠니히코","개봉일":"2018-06-06","영화형태":"장편","국적":"일본","매출액":"1,394,555,400","관객수":"183.421","장르":"애니메이션","등급":"전체관람가","url":"https://movie-phinf.pstatic.net/20180521_175/15268795940605MsWi_JPEG/movie_image.jpg?type=f67"},
{"순위":468,"영화명":"극장판 도라에몽: 진구의 보물섬","감독":"이마이 카즈아키","개봉일":"2018-08-15","영화형태":"장편","국적":"일본","매출액":"1,368,372,400","관객수":"182.256","장르":"애니메이션","등급":"전체관람가","url":"https://movie-phinf.pstatic.net/20180801_60/1533089003342RpL4m_JPEG/movie_image.jpg?type=f67"},
{"순위":469,"영화명":"엔젤 해즈 폴른","감독":"릭 로먼 워","개봉일":"2019-11-13","영화형태":"장편","국적":"미국","매출액":"1,479,789,022","관객수":"181.400","장르":"액션","등급":"15세이상관람가","url":"https://movie-phinf.pstatic.net/20191113_233/1573623877830zX5e9_JPEG/movie_image.jpg?type=f67"},
{"순위":470,"영화명":"대호","감독":"박훈정","개봉일":"2015-12-16","영화형태":"장편","국적":"한국","매출액":"1,385,096,300","관객수":"178.574","장르":"사극","등급":"12세이상관람가","url":"https://movie-phinf.pstatic.net/20151127_238/1448605940320G8pwH_JPEG/movie_image.jpg?type=f67"},
{"순위":471,"영화명":"핵소 고지","감독":"멜 깁슨","개봉일":"2017-02-22","영화형태":"장편","국적":"미국","매출액":"1,342,081,900","관객수":"177.601","장르":"드라마","등급":"15세이상관람가","url":"https://movie-phinf.pstatic.net/20170118_51/1484706629500KiUn8_JPEG/movie_image.jpg?type=f67"},
{"순위":472,"영화명":"문라이트","감독":"배리 젠킨스","개봉일":"2017-02-22","영화형태":"장편","국적":"미국","매출액":"1,403,639,195","관객수":"177.483","장르":"드라마","등급":"15세이상관람가","url":"https://movie-phinf.pstatic.net/20170302_58/1488416850453iGsh1_JPEG/movie_image.jpg?type=f67"},
{"순위":473,"영화명":"유전","감독":"아리 애스터","개봉일":"2018-06-07","영화형태":"장편","국적":"미국","매출액":"1,560,899,725","관객수":"177.145","장르":"공포(호러)","등급":"15세이상관람가","url":"https://movie-phinf.pstatic.net/20200407_108/1586222562129aP3lv_JPEG/movie_image.jpg?type=f67"},
{"순위":474,"영화명":"채비","감독":"조영준","개봉일":"2017-11-09","영화형태":"장편","국적":"한국","매출액":"1,249,977,864","관객수":"175.889","장르":"드라마","등급":"12세이상관람가","url":"https://movie-phinf.pstatic.net/20171020_274/1508474882596wxzN2_JPEG/movie_image.jpg?type=f67"},
{"순위":475,"영화명":"나는 내일, 어제의 너와 만난다","감독":"미키 타카히로","개봉일":"2017-10-12","영화형태":"장편","국적":"일본","매출액":"1,344,639,400","관객수":"175.519","장르":"멜로/로맨스","등급":"12세이상관람가","url":"https://movie-phinf.pstatic.net/20170906_281/1504661660780autBq_JPEG/movie_image.jpg?type=f67"},
{"순위":476,"영화명":"부활","감독":"케빈 레이놀즈","개봉일":"2016-03-17","영화형태":"장편","국적":"미국","매출액":"1,240,599,600","관객수":"175.146","장르":"드라마","등급":"12세이상관람가","url":"https://movie-phinf.pstatic.net/20160317_128/14581797187679BKa1_JPEG/movie_image.jpg?type=f67"},
{"순위":477,"영화명":"두번할까요","감독":"박용집","개봉일":"2019-10-17","영화형태":"장편","국적":"한국","매출액":"1,449,660,120","관객수":"174.938","장르":"코미디","등급":"15세이상관람가","url":"https://movie-phinf.pstatic.net/20190911_48/1568178486148N8Ajf_JPEG/movie_image.jpg?type=f67"},
{"순위":478,"영화명":"어느 가족","감독":"고레에다 히로카즈","개봉일":"2018-07-26","영화형태":"장편","국적":"일본","매출액":"1,430,044,900","관객수":"173.010","장르":"드라마","등급":"15세이상관람가","url":"https://movie-phinf.pstatic.net/20180702_47/1530497117620iDJX8_JPEG/movie_image.jpg?type=f67"},
{"순위":479,"영화명":"자전차왕 엄복동","감독":"김유성","개봉일":"2019-02-27","영화형태":"장편","국적":"한국","매출액":"1,304,861,670","관객수":"172.212","장르":"드라마","등급":"12세이상관람가","url":"https://movie-phinf.pstatic.net/20190201_136/1548989242154HiJy8_JPEG/movie_image.jpg?type=f67"},
{"순위":480,"영화명":"조이","감독":"데이빗 O. 러셀","개봉일":"2016-03-10","영화형태":"장편","국적":"미국","매출액":"1,372,216,200","관객수":"171.577","장르":"코미디","등급":"12세이상관람가","url":"https://movie-phinf.pstatic.net/20190524_285/1558682334628t3BhC_JPEG/movie_image.jpg?type=f67"},
{"순위":481,"영화명":"더 프레데터","감독":"쉐인 블랙","개봉일":"2018-09-12","영화형태":"장편","국적":"미국","매출액":"1,502,022,014","관객수":"170.878","장르":"SF","등급":"청소년관람불가","url":"https://movie-phinf.pstatic.net/20180831_150/1535703792387FDnCB_JPEG/movie_image.jpg?type=f67"},
{"순위":482,"영화명":"예수는 역사다","감독":"존 건","개봉일":"2017-07-13","영화형태":"장편","국적":"미국","매출액":"1,229,743,400","관객수":"170.796","장르":"드라마","등급":"전체관람가","url":"https://movie-phinf.pstatic.net/20170529_267/1496019021214jtmxd_JPEG/movie_image.jpg?type=f67"},
{"순위":483,"영화명":"대배우","감독":"석민우","개봉일":"2016-03-30","영화형태":"장편","국적":"한국","매출액":"1,245,426,228","관객수":"169.855","장르":"코미디","등급":"12세이상관람가","url":"https://movie-phinf.pstatic.net/20160315_210/1458018471321gH8wU_JPEG/movie_image.jpg?type=f67"},
{"순위":484,"영화명":"매직브러시","감독":"쯔씽 쫑","개봉일":"2016-05-04","영화형태":"장편","국적":"중국","매출액":"1,269,463,800","관객수":"169.257","장르":"애니메이션","등급":"전체관람가","url":"https://movie-phinf.pstatic.net/20160401_3/1459485363779w7zeP_JPEG/movie_image.jpg?type=f67"},
{"순위":485,"영화명":"진범","감독":"고정욱","개봉일":"2019-07-10","영화형태":"장편","국적":"한국","매출액":"1,424,601,000","관객수":"167.333","장르":"스릴러","등급":"15세이상관람가","url":"https://movie-phinf.pstatic.net/20190710_177/1562723708522aWIz7_JPEG/movie_image.jpg?type=f67"},
{"순위":486,"영화명":"극장판 도라에몽: 진구의 남극 꽁꽁 대모험","감독":"다카하시 아츠시","개봉일":"2017-08-10","영화형태":"장편","국적":"일본","매출액":"1,175,560,900","관객수":"166.252","장르":"애니메이션","등급":"전체관람가","url":"https://movie-phinf.pstatic.net/20170713_47/1499907463413CgUMz_JPEG/movie_image.jpg?type=f67"},
{"순위":487,"영화명":"더 페이버릿: 여왕의 여자","감독":"요르고스 란티모스","개봉일":"2019-02-21","영화형태":"장편","국적":"미국","매출액":"1,380,191,276","관객수":"164.372","장르":"드라마","등급":"15세이상관람가","url":"https://movie-phinf.pstatic.net/20190214_257/1550130475283pkbtF_JPEG/movie_image.jpg?type=f67"},
{"순위":488,"영화명":"빅","감독":"트레버 월","개봉일":"2016-07-27","영화형태":"장편","국적":"미국","매출액":"1,174,196,720","관객수":"160.860","장르":"애니메이션","등급":"전체관람가","url":"https://movie-phinf.pstatic.net/20160712_208/14683054861848mITO_JPEG/movie_image.jpg?type=f67"},
{"순위":489,"영화명":"더 큐어","감독":"고어 버빈스키","개봉일":"2017-02-15","영화형태":"장편","국적":"미국","매출액":"1,331,883,200","관객수":"159.948","장르":"미스터리","등급":"청소년관람불가","url":"https://movie-phinf.pstatic.net/20170215_293/1487139004248ExVyx_JPEG/movie_image.jpg?type=f67"},
{"순위":490,"영화명":"극장판 요괴워치 섀도사이드: 도깨비왕의 부활","감독":"우시로 신지","개봉일":"2018-09-20","영화형태":"장편","국적":"일본","매출액":"1,205,873,200","관객수":"157.689","장르":"애니메이션","등급":"전체관람가","url":"https://movie-phinf.pstatic.net/20180907_30/1536297701973my69v_JPEG/movie_image.jpg?type=f67"},
{"순위":491,"영화명":"아토믹 블론드","감독":"데이빗 레이치","개봉일":"2017-08-30","영화형태":"장편","국적":"미국","매출액":"1,177,725,658","관객수":"155.368","장르":"액션","등급":"청소년관람불가","url":"https://movie-phinf.pstatic.net/20170727_279/1501119292041fLKha_JPEG/movie_image.jpg?type=f67"},
{"순위":492,"영화명":"레고 닌자고 무비","감독":"찰리 빈","개봉일":"2017-09-28","영화형태":"장편","국적":"미국","매출액":"1,149,394,400","관객수":"154.966","장르":"애니메이션","등급":"전체관람가","url":"https://movie-phinf.pstatic.net/20170915_194/1505442472692GxrOa_JPEG/movie_image.jpg?type=f67"},
{"순위":493,"영화명":"크레이지 리치 아시안","감독":"존 추","개봉일":"2018-10-25","영화형태":"장편","국적":"미국","매출액":"1,333,313,141","관객수":"154.297","장르":"멜로/로맨스","등급":"12세이상관람가","url":"https://movie-phinf.pstatic.net/20181022_21/1540184572635B2gfj_JPEG/movie_image.jpg?type=f67"}]